4742 6067
594 524 598 527 ,
673 470 749 550 roa
1100 420 1200 530 fir.
1228 428 1660 517 ''cunanrcon
1743 468 1766 540 ῃ

526 610 533 626 ⁸
617 639 729 753 rum
771 637 963 745 litteras
993 638 1262 771 recepisset
1315 642 1408 736 suis
1444 642 1731 737 conuocatis
1770 643 2049 747 hominibus
2088 670 2160 754 et
2211 702 2214 709 ’

531 788 540 850 -“
625 771 808 868 amicis,
833 782 1089 905 'tamquam
1123 760 1372 898 animosus·
1401 760 1645 888 princeps.
1679 768 1796 857 cum¹
1823 769 2038 863 exercitu
2060 774 2133 867 ua·

623 889 730 987 lido
765 882 1055 1012 equestnum
1088 896 1140 975 et
1157 876 1556 1020 pedellnurnad
1593 905 1795 1013 campos
1831 888 2134 997 contraiuos

392 996 397 1003 ’
508 1084 514 1100 .
613 1006 856 1120 audacter
881 1000 1131 1129 egreditur
1153 994 1568 1093 mrmrcos.'etiam
1591 1024 1716 1091 curn
1763 1001 1903 1094 aucis
1921 1000 2134 1103 deminus

454 1146 467 1163 ·
611 1124 889 1223 Ludwieus
924 1119 1037 1215 dux.
1068 1114 1220 1212 irater
1251 1114 1360 1209 suus
1385 1112 1447 1207 de
1471 1114 1694 1238 partibus
1767 1119 1849 1211 eni
1882 1138 1993 1213 uum
2026 1152 2135 1263 pau·

437 1721 667 1813 ’lu

618 1247 689 1341 cis
721 1240 1016 1368 superuenit.
1075 1235 1190 1330 Rex
1225 1236 1392 1358 itaque
1434 1226 1677 1361 sepefatus
1708 1262 1917 1330 cernens
1957 1268 2134 1337 ammo·

617 1364 806 1458 litatem
830 1356 1023 1473 ducum.
1055 1370 1107 1450 et
1128 1352 1373 1450 bawarice
1395 1351 1569 1479 gentis.
1591 1352 1753 1446 timuit
1777 1350 2015 1480 congredi
2036 1390 2136 1455 cum

621 1480 802 1596 illisin
827 1473 1118 1577 sextaieria.
1178 1468 1282 1566 Tre
1317 1471 1358 1563 is
1391 1468 1655 1594 perillum
1723 1469 1846 1567 ridie
1918 1474 2063 1570 etitis.
2091 1492 2140 1573 et

474 1602 478 1609 ’
618 1605 667 1697 in
709 1598 891 1693 etratis.
923 1594 976 1685 in
1005 1606 1157 1688 nnete
1187 1620 1245 1683 ac
1289 1500 1824 1726 ubiequentilabbato.
1890 1593 1995 1731 ugit
2037 1590 2161 1689 cum'

672 1632 716 1813 lb
753 1712 1009 1827 omnibus.⁸
1030 1709 1197 1803 uersus
1230 1704 1468 1801 Muldorf.
1501 1700 1585 1823 ubl
1618 1703 1735 1801 dum
1761 1710 1984 1803 uictricra
2007 1712 2137 1807 nobi·

607 1836 741 1931 'lium
763 1827 1106 1926 ducumdoria
1127 1824 1429 1953 fugiencium
1452 1822 1498 1917 ie
1537 1839 1784 1918 uerentur.
1851 1856 1948 1922 ons
1971 1858 2060 1967 per
2082 1830 2138 1923 E·
2299 1902 2300 1905 κ

619 1985 737 2049 num
775 1948 979 2043 fluuium
1010 1957 1270 2071 trageetus.
1305 1850 1536 2052 multituh
1814 1858 1849 2037 l

620 2072 868 2195 strepitum
894 2065 1025 2158 ferre
1058 2085 1164 2156 non
1187 2060 1375 2163 ualens,
1405 2056 1489 2151 sub
1512 2056 1729 2153 hostibus
1752 2063 1862 2157 ruit
1893 2078 1948 2157 et
1973 2064 2031 2158 hc
2084 2067 2138 2159 ri·
2191 2152 2194 2158 .

617 2191 686 2283 mi
717 2188 827 2281 lunt
846 2179 1080 2276 submersi.
1106 2179 1192 2304 qui
1204 2192 1369 2271 autem
1381 2172 1680 2269 uidebantur
1701 2192 1905 2273 nautare
1929 2212 2024 2307 per
2045 2096 2140 2277 bn·

619 2338 732 2402 ceas
765 2315 817 2396 et
841 2301 1050 2427 sagittas.
1083 2298 1202 2391 litus
1234 2292 1803 2421 tangereprohibentur.
1862 2297 1971 2393 Sed
1992 2316 2058 2395 et
2079 2300 2140 2395 hii

621 2425 707 2552 qui
740 2418 1074 2546 remanserant
1106 2416 1229 2508 citra
1249 2414 1444 2507 flumen.
1475 2440 1580 2505 non
1602 2410 1830 2509 ualentes
1863 2414 2053 2557 fugere.
2074 2442 2140 2512 re·

621 2550 864 2667 ceperunt
888 2536 932 2627 ie
965 2536 1017 2627 in
1041 2530 1285 2627 suburbio.
1316 2528 1404 2624 iub
1435 2524 1648 2654 quedam
1682 2544 1829 2650 turre.
1862 2562 1946 2660 qur
1977 2566 2138 2633 omnes

622 2688 733 2755 cum
758 2653 904 2749 armis
928 2666 980 2746 et
1011 2652 1150 2776 equis
1178 2650 1379 2775 optimis
1401 2644 1635 2741 incendio
1659 2648 1777 2743 :lunt
1819 2656 2038 2749 cremati.
2076 2656 2137 2749 ita

622 2770 761 2913 quud
795 2770 847 2866 in
870 2801 998 2896 aqua
1028 2783 1080 2863 et
1101 2770 1215 2894 igne
1240 2764 1367 2891 quast
1392 2762 1739 2903 quadringenti
1760 2769 1852 2863 uiri
1899 2773 2137 2867 'erierunt

1538 1940 1675 2033 inem
1703 1954 1812 2037 tran
1835 1974 2065 2041 euncrum
2094 1963 2139 2043 et
2298 1950 2300 1995 ³

535 2941 544 2951 ·
620 2884 936 3017 rehquifere
962 2917 1138 2981 omnes
1169 2897 1338 3009 preter
1362 2899 1542 3010 regem.
1576 2913 1659 3007 qur
1685 2914 1795 2977 cum
1818 2902 1884 2981 no
1922 2888 2138 2985 ilioribua
2299 2970 2300 3003 2

618 3014 718 3106 iam
754 3003 1017 3100 transierat.
1048 3006 1097 3098 in
1134 3000 1364 3129 pred-icto
1385 3031 1451 3127 op
1488 2998 1574 3094 ido
1607 3001 1718 3093 tunt
1750 3002 1932 3100 in'clufi.
2015 3009 2140 3103 Inter
2298 3024 2300 3075 ³

610 3124 831 3234 abscisos
854 3138 1024 3217 antem
1060 3120 1131 3216 hii
1164 3116 1368 3214 fuerunt
1398 3148 1465 3211 no
1503 3117 1594 3211 iles
1619 3114 1681 3211 de
1706 3118 1963 3218 Bohemia.
1984 3126 2137 3221 'Wolb
2298 3144 2300 3161 ·

619 3248 715 3343 cho
739 3240 816 3336 'de
838 3239 1170 3333 Rolenberch.
1202 3236 1368 3331 Zmilo
1389 3231 1451 3329 de
1471 3234 1888 3337 Laeuhtenburch.
1918 3239 2138 3339 Wikhar·
2298 3246 2300 3333 ἴ

548 3438 570 3459 .,
621 3364 716 3457 dus
739 3359 802 3455 de
823 3354 1040 3449 Tirlach.
1064 3354 1273 3448 Schazla
1303 3350 1365 3447 de
1388 3350 1583 3447 sridlan.
1616 3354 2137 3475 Wilhelmus'deGol·

417 3506 420 3514 ·
554 3550 557 3555 -
619 3478 808 3575 debrat.
833 3472 854 3594 (
884 3491 1102 3575 rouretum
1122 3472 1360 3593 Podiebrad)
1384 3468 1484 3578 Ibis
1507 3467 1570 3564 de
1591 3468 1853 3570 Schechni.
1874 3475 2061 3574 Beneis
2081 3476 2138 3572 de

621 3518 984 3728 Vulchenllain.
1015 3586 1331 3685 Purchardus
1354 3585 1430 3721 Jde
1456 3584 1603 3682 Chlin
1639 3588 1804 3686 berch.
1835 3595 2019 3691 vlricus
2040 3599 2137 3722 pin·
2252 3648 2254 3651 ·
2298 3662 2300 3695 2

618 3742 769 3815 zerna
816 3708 890 3805 de·
912 3709 1027 3804 Eln
1067 3738 1098 3801 0
1134 3738 1212 3802 en.
1239 3707 1444 3831 ,Iencao
1486 3618 1819 3831 purklrrauius
1853 3709 1918 3806 dc
1959 3713 2135 3811 Graecz.
2298 3766 2300 3837 ;

610 3830 750 3930 Zmil
766 3740 1103 3923 iraterWollc
1142 3826 1266 3921 onia.
1288 3825 1496 3919 Haurco
1543 3940 1548 3953 ι
2117 3928 2123 3951 ι

618 3947 777 4046 homil
810 3944 878 4077 de
908 3942 1170 4045 Nabzdon.
1189 3941 1447 4083 subortus
1527 3958 1636 4039 ctus
1660 3960 1820 4069 caput.
1846 3947 2049 4044 'Vhicus
2078 3945 2135 4041 de

619 4063 877 4167 Rosentol.
967 4062 1054 4156 De·
1089 4058 1296 4156 Austrra·
1326 4071 1455 4161 ueto
1488 4059 1678 4155 albero·
1701 4076 1769 4157 et'
1795 4062 2046 4161 heinricus
2079 4064 2134 4159 de

620 4184 891 4310 Chunring.
931 4179 1114 4285 ulricus
1145 4176 1210 4272 de
1245 4175 1555 4273 Lobenstain.
1595 4179 1790 4274 Vlricus
1829 4180 1893 4277 de
1923 4179 2134 4324 Capella.

440 4303 443 4310 ’
546 4308 553 4324 ’
620 4298 978 4397 Ludwicus.de
1004 4294 1526 4423 Zelking-2·Sighardus
1549 4294 1710 4391 dictus
1734 4295 1897 4394 Piber.
1921 4330 2010 4427 qm
2032 4330 2136 4395 cunr
2296 4318 2299 4331 ·

620 4418 733 4515 aliia
764 4416 1007 4515 omnibus.
1035 4467 1095 4489 ·-
1123 4414 1378 4530 -‚-·'ix⁰.
1410 4411 1492 4509 die
1529 4412 1792 4510 obsidionis
1823 4443 1997 4515 eorum
2017 4437 2135 4512 “cunr

439 4534 443 4543 ’
518 4552 528 4567 ’
620 4539 766 4665 equis
809 4550 861 4630 et
891 4534 1040 4632 rebus
1082 4562 1210 4659 quas¹
1235 4546 1357 4626 tunc
1393 4530 1670 4626 habebant.
1700 4532 2134 4659 pcr‘clemenciam
2196 4552 2203 4576 ¹
2271 4608 2275 4614 .

620 4654 804 4757 ducum
836 4651 1174 4794 'predictorum
1206 4650 1292 4744 iub
1318 4648 1531 4777 quadam
1564 4648 2133 4783 fornra'-c0mpulrcionia.

620 4772 689 4868 ad
721 4791 926 4907 propria
956 4772 1068 4869 lunt
1091 4768 1280 4871 remilla
1999 4835 2003 4841 .

656 4966 658 4970 .
1929 4887 2079 4987 Hein-

1533 3842 1678 3921 natus
1699 3827 2137 3927 Wokchonis.dlo·
2242 3914 2246 3920 .
