4742 6067
740 444 1335 530 ossnnnoumusn.
1691 474 1765 549 511

266 732 271 740 .
300 644 418 759 dum
450 679 619 777 regem
652 648 850 778 Syc'ilie.
897 666 952 747 et
985 650 1281 748 Mariiredus
1315 648 1539 749 deuictus
1571 647 1817 751 occubuit.
1866 724 1869 731 ·

301 763 436 861 lilius·
450 768 687 862 naturalis
712 766 950 863 Friderici
971 768 1298 895 impera-toris.
1778 852 1782 865 .

273 910 280 916 ’
420 885 732 981 Otakcherus
751 884 865 981 Rex
892 886 1135 982 Bohemie
1169 886 1309 983 uadit
1340 916 1453 981 eum
1473 888 1697 983 exercitu
1707 885 1817 983 ,Ru-

264 1000 556 1127 disponam.
587 1004 826 1099 inmense
850 1004 1067 1131 Augusto
1099 1036 1211 1099 eum
1238 1003 1408 1099 multis
1440 1004 1636 1101 milibus
1660 1034 1816 1101 anns·

297 1132 475 1213 torum.
506 1118 756 1217 destruens
782 1120 1092 1247 Regenstaus.
1117 1137 1167 1217 et
1189 1120 1405 1217 Nitnaw.
1435 1122 1533 1217 alia
1569 1152 1630 1217 ue
1652 1121 1813 1219 castra.

296 1232 407 1329 ubix
439 1238 553 1334 eriit
573 1270 750 1366 magna
770 1238 1053 1335 multitudo.
1085 1254 1137 1335 et
1159 1246 1383 1334 morante
1408 1240 1511 1364 ipso
1586 1237 1813 1365 'atispono

289 1383 385 1479 per
402 1268 627 1451 biduum.
666 1388 757 1483 per
778 1359 959 1485 Egram
984 1359 1248 1494 reuertitur
1277 1358 1332 1455 in
1363 1355 1669 1497 Bohemium.
1712 1384 1813 1567 luo

291 1470 561 1567 recedente
585 1472 815 1570 dominus
845 1476 1098 1570 heinricus
1133 1472 1234 1569 dux
1266 1472 1400 1569 misso
1433 1490 1652 1570 exercitu
1685 1502 1717 1565 u
1739 1490 1815 1567 tm

288 1586 494 1685 fluuium
517 1589 756 1691 lltsohanr.
789 1589 1030 1718 oppidum
1053 1594 1106 1687 in
1125 1589 1308 1687 velden
1346 1606 1398 1686 et
1430 1590 1551 1687 alias
1570 1592 1813 1687 municio·

289 1732 395 1801 nest
414 1738 524 1801 cum
545 1722 651 1803 tota
668 1710 932 1834 prouincia
956 1708 1141 1804 ibidem
1162 1707 1398 1805 incendio
1419 1706 1703 1807 deuasluuit

407 1822 786 1951 subsequenter.
809 1828 879 1921 ΙΙΙ
901 1826 1011 1921 Kal.
1035 1824 1336 1921 Nouembris
1381 1822 1515 1925 idem
1546 1825 1814 1935 Heinricus

289 1934 392 2035 dux
414 1939 641 2046 Bawnrie
668 1975 759 2069 per
782 1956 977 2068 portam
1000 1940 1251 2072 quandam
1276 1944 1487 2037 ciuitatis
1519 1940 1812 2067 patauiensrs

234 2139 248 2153 ,
291 2054 571 2149 tradicione
645 2058 937 2155 uorumdam'
971 2090 1063 2181 per
1094 2056 1396 2155 adulterinas
1435 2058 1601 2155 claues
1636 2059 1839 2159 obtenv

281 2183 393 2263 tam
408 2088 790 2269 nouumlorum
813 2205 924 2269 cum
946 2170 1234 2299 quibusdam
1258 2172 1486 2271 domibus
1519 2188 1571 2281 et
1593 2172 1809 2270 Cellario
1976 2200 1980 2209 ’

274 2285 670 2387 -Canonicorum
703 2321 760 2391 ac
787 2322 963 2419 magua
992 2305 1136 2414 pane
1161 2291 1380 2389 ciuitatis
1416 2288 1597 2390 exussit.
1638 2290 1813 2421 aliqui·

288 2401 381 2497 bus
403 2404 590 2500 ibidem
614 2408 803 2510 ciuibus
822 2406 1113 2503 interfectis.
1340 2414 1344 2421 ’

278 2587 282 2596 -
407 2522 497 2617 Mt
511 2526 596 2625 ccl
609 2522 760 2646 lxvii.
791 2526 1041 2623 Dominus
1064 2521 1249 2622 Gwido
1265 2523 1540 2623 cardinalis
1560 2526 1811 2652 presbiter

288 2639 422 2735 tituli
452 2640 606 2739 saneti
635 2640 897 2739 Laurencii
926 2645 978 2737 in
1000 2643 1204 2742 Lucina.
1234 2646 1314 2743 ,vi⁰.
1335 2641 1405 2739 ld.
1428 2644 1567 2746 Maii:
1597 2642 1811 2769 Apollo·

287 2753 386 2848 lice
417 2755 543 2851 sodis
575 2758 766 2885 legatus
798 2776 919 2885 aput
944 2763 1210 2857 Wiennam
1236 2762 1404 2857 austrie
1437 2760 1704 2861 concilium
1731 2792 1809 2858 ce·

284 2868 513 2971 lebrnuit
545 2907 609 2970 ex
630 2876 866 2975 mandato
894 2879 1084 2973 domini
1117 2878 1403 2975 Clementis.
1427 2879 1532 2977 llll.
1553 2907 1698 3005 pape.
1730 2882 1810 2977 cu'i

286 2989 621 3087 interfuerunt
644 2994 936 3093 Chunradus
957 2995 1256 3135 frilngensrs.
1298 2996 1478 3094 Petrus
1504 2994 1810 3121 pateuienlis.

284 3105 395 3204 Leo
418 3107 796 3236 Ratisponensrs.
827 3113 996 3209 Pruno
1012 3113 1286 3212 Buxienbs.
1310 3114 1591 3210 Amulrious
1615 3112 1809 3215 Laum-

286 3223 432 3319 tinus.
464 3224 713 3325 lohannes
748 3229 1018 3357 Pragiensrs
1043 3232 1214 3369 -episco
1252 3232 1281 3325 i.
1314 3247 1365 3325 et
1385 3231 1638 3356 aliiquom
1658 3230 1809 3355 pluri·

156 3341 160 3355 '
279 3343 353 3435 mi
375 3339 437 3434 de
461 3343 571 3467 ipsis
594 3342 883 3471 dyocesibus
905 3347 1098 3472 prelati
1129 3350 1228 3446 Arc
1268 3345 1514 3475 idyaconi.
1547 3361 1599 3443 et
1618 3343 1808 3443 decani.

403 3458 599 3555 Eodem
621 3491 754 3557 anno
774 3462 935 3557 factus
960 3462 1025 3558 esi
1042 3480 1354 3571 terremotus.
1386 3465 1455 3570 ita
1476 3465 1613 3567 utin
1640 3464 1808 3569 multis
1866 3580 1868 3583 ¹

138 3676 142 3681 ,
287 3575 436 3677 etiam
458 3577 584 3676 locis
604 3579 799 3680 ¹ruinam
822 3577 1013 3690 edificia
1034 3594 1335 3703 paterentur.

408 3692 722 3788 Otakcherus
742 3724 832 3787 rex
855 3694 1207 3795 Bolremorum.
1239 3711 1290 3797 et
1309 3697 1571 3796 Heinricus
1597 3696 1699 3793 dux
1713 3698 1806 3797 Bar

288 3809 454 3905 uarie.
484 3838 575 3933 per
599 3813 742 3936 pacis
765 3809 983 3915 osculum
1006 3808 1069 3905 ud
1086 3812 1415 3915 ,concordiam
1440 3813 1707 3911 redierunt

403 3927 652 4023 Dominus
676 3925 982 4028 Wladizlaus
1002 3943 1123 4054 aput
1145 3930 1446 4057 Salczpurch
1479 3930 1806 4043 indominica

283 4040 545 4139 Trinitatis
555 4046 616 4145 ,in
644 4046 1066 4263 arcbiegiscopum
1089 4049 1410 4151 consecra-tur.

406 4161 495 4258 Mt
509 4161 773 4283 cc⁰.lxviij⁰‚
846 4162 1136 4269 hunratinus
1155 4163 1268 4263 Rex
1289 4168 1524 4270 inuitatus
1545 4168 1644 4263 iam
1669 4165 1805 4273 diua

283 4275 556 4374 lombardis
595 4296 647 4385 et
750 4280 847 4377 ulis
884 4281 1109 4409 ytaliam
1134 4285 1408 4411 ingreditur
1437 4268 1803 4425 ,adherentibus
1981 4318 1986 4327 ·

286 4410 338 4487 et
364 4393 650 4503 'fauentibus
686 4424 723 4493 ἰ’
763 4400 772 4419 ’
814 4398 1038 4526 plurimis
1072 4399 1387 4508 ciuitatibus
1466 4401 1688 4507 ¹Romam
1728 4433 1801 4497 m·

284 4514 463 4725 5reslus
493 4513 704 4654 gloriose
734 4532 983 4643 tamquam
1014 4519 1080 4616 im
1118 4535 1283 4615 erutor
1314 4550 1424 4615 cum
1446 4550 1626 4647 magno
1648 4521 1801 4647 tripu·

321 4663 370 4769 so
393 4631 664 4771 suscrpmur.
695 4630 898 4739 domiuo
922 4666 1062 4762 ,papa
1081 4550 1339 4743 illemente
1363 4652 1623 4766 tunc-aput
1640 4637 1816 4766 Viterr‘

285 4750 420 4847 bium
445 4749 698 4851 enitente.
991 4766 995 4773 ’
1623 4870 1669 4977 P
1706 4870 1741 4975 st

216 4904 220 4911 .
1623 4944 1628 4949 Ι
1673 4902 1703 4969 0
