4742 6067
270 1918 974 2077 rncnnonrcon
1028 1883 1804 2131 erumnarum

584 2296 1515 2440 cusanuar1onu'srnavrn
1548 2392 1558 2412 .
1635 2404 1639 2412 ,

715 2656 1381 2759 w

1478 2944 1481 2951 .

960 3002 964 3007 .
1335 2989 1341 2998 ι

1327 3020 1330 3026 Ι
1485 3004 1488 3013 ι

1222 3040 1228 3051 ι

1035 3104 1077 3209 l
1259 3120 1262 3129 Ι
1379 3112 1384 3121 ‘

1283 3218 1286 3226 1
1398 3206 1403 3217 ι
1533 3208 1537 3217 ι
1557 3202 1562 3211 “

1051 3231 1056 3240 ι

299 3233 589 3443 Chronicon
606 3344 926 3445 cremifancnl'e,
981 3339 1062 3427 uod
1087 3352 1129 3428 in
1147 3346 1323 3456 Augusta
1331 3330 1588 3433 Bibliotheca
1604 3353 1708 3431 inter
1723 3374 1831 3459 pro·¹
1849 3360 1852 3365 '

302 3466 423 3553 fauor
440 3454 646 3535 historicos
662 3478 831 3540 nurnero
848 3452 929 3528 LX
1090 3450 1227 3531 locum
1244 3452 1388 3547 habet,
1424 3450 1852 3549 aclaustroneobur-j'
1898 3480 1935 3537 ·.

187 3588 196 3605 ·
332 3564 441 3654 enti,
475 3582 582 3635 nunc
606 3558 783 3661 primum
808 3556 957 3650 allato,
990 3556 1141 3661 selungi
1166 3581 1248 3633 non
1275 3555 1420 3637 debet*
1461 3556 1685 3660 Utrumque
1713 3564 1823 3641 enim

349 3660 532 3747 ermanni
550 3658 757 3739 Contracti
774 3658 989 3751 chronico,
1013 3659 1140 3737 veluti
1164 3654 1427 3735 fundamento
1453 3660 1654 3753 innititur,
1680 3674 1714 3739 'a
1742 3686 1823 3763 quo
1850 3662 1856 3673 “

126 3820 137 3845 .
304 3758 467 3850 initium
482 3764 630 3854 fumat,
656 3774 697 3836 et
741 3760 822 3837 uod
840 3762 894 3835 ad
911 3760 979 3835 sua
995 3786 1040 3835 us
1071 3784 1120 3835 ue
1135 3772 1324 3863 tempora
1335 3759 1611 3862 prosequatun
1642 3759 1827 3862 cremisa.
1853 3828 1864 3863 ι

303 3870 433 3969 nenfis
450 3890 600 3943 nomen
616 3864 709 3941 huic
754 3861 921 3939 hronico
940 3862 1066 3938 adseri
1094 3865 1197 3939 imus
1207 3891 1220 3951 ς
1246 3865 1314 3965 qui
1331 3862 1440 3939 enim
1447 3864 1549 3939 illud
1565 3864 1829 3966 pervolverit,

160 4030 168 4043 .
309 3995 366 4051 ex
381 3966 700 4073 frequentillimia
717 3966 819 4041 locis
835 3965 1029 4062 facillime
1037 3965 1246 4071 intelliget,
1273 3962 1570 4069 compilatores
1587 3967 1699 4059 illius·
1713 3956 1861 4068 (nanu
1934 4044 1939 4051 ,

316 4074 453 4178 plum
476 4096 621 4149 eorum
645 4068 754 4146 fuille
781 4070 866 4144 lam
892 4092 944 4144 ex
970 4092 1167 4153 annorum
1192 4066 1313 4161 serie,
1340 4092 1463 4170 quam
1481 4089 1534 4145 cx
1550 4067 1831 4147 characterum
1893 4151 1904 4160 ‚

314 4190 439 4277 atque
455 4177 580 4252 etiam
597 4172 686 4275 styli
704 4168 928 4250 diverli'tate
945 4170 1196 4275 perspicuum
1215 4168 1268 4246 est
1285 4168 1303 4277 )
1330 4174 1371 4246 in
1388 4170 1468 4247 hoc
1485 4162 1833 4251 coenobio'vitam

318 4277 504 4381 exegilie.
569 4341 572 4347 .
600 4274 727 4351 Porro
747 4270 1042 4351 Crenrifanense
1061 4270 1226 4352 Ordinis
1244 4273 1383 4352 Sancti
1391 4272 1602 4352 Benedicti
1617 4277 1661 4351 iu
1677 4274 1841 4351 Austris,

319 4379 439 4494 supra
462 4376 638 4457 Annium
655 4374 942 4457 Monasterium
957 4378 1041 4453 iam
1056 4377 1150 4454 inde
1169 4374 1222 4453 ab
1241 4400 1290 4459 ec
1306 4390 1506 4480 ternpore,
1524 4402 1603 4482 quo
1622 4402 1650 4453 a
1664 4375 1838 4457 Tauno·
1887 4428 1893 4435 -

321 4480 442 4561 nell.
498 4479 840 4558 otenteBaioariae
857 4477 973 4557 Duce
992 4504 1096 4577 anno
1113 4477 1199 4582 post
1218 4474 1410 4557 Christum
1426 4482 1566 4557 nattu'n
1582 4508 1671 4576 777.
1696 4480 1840 4557 funda·
1859 4486 1860 4491 ‘

326 4598 413 4662 tum
429 4603 452 4662 'e
489 4641 501 4679 ,
528 4610 555 4662 a
569 4580 703 4675 Viris,
727 4578 1016 4687 tamreligiolae
1032 4584 1124 4666 vite
1142 4580 1364 4685 disciplina,
1391 4607 1513 4683 quam
1530 4586 1751 4663 litterarum
1769 4582 1841 4659 llu-
1865 4612 1867 4617 ’

329 4688 428 4784 diis,
455 4700 646 4788 quantum
660 4685 794 4762 ferrea
818 4686 892 4763 illa
907 4684 1049 4763 saecula
1072 4684 1278 4778 ferebant,
1313 4688 1605 4776 commendatis
1629 4684 1843 4763 celebrita·

331 4800 415 4865 tem
434 4791 715 4893 consequutum
731 4787 873 4866 ficerat.
924 4790 991 4867 De
1018 4814 1067 4875 eo
1085 4788 1111 4864 fi
1138 4789 1226 4893 quis
1253 4784 1442 4867 uberiora
1459 4789 1674 4881 defiderat,
1711 4778 1871 4863 Simo-⁴*
1912 4800 1915 4807 '

326 4895 393 4971 nis
410 4890 714 5000 liettenpacher
728 4886 909 4971 Annales
928 4883 1607 4998 cremifanensessausburgi1677.
1633 4905 1675 4970 et
1691 4890 1847 4969 Maria·
2013 4917 2019 4941 1

868 5092 876 5102 ,
1043 4994 1129 5096 Ua
1328 5112 1331 5118 ,
1677 4997 1847 5113 „nt
