4742 6067
453 475 460 488 .
598 448 671 521 15.
826 367 833 381 ’
1074 405 1164 493 111.
1215 402 1539 497 Anourut

544 627 709 725 Omne
738 618 1059 761 municipium
1088 616 1210 715 mire
1242 616 1504 834 dissipatur.
1644 631 1648 640 '

542 743 746 869 Capitur
775 736 1032 835 destrurtur
1060 736 1176 833 vrbs
1207 738 1344 833 humi
1364 740 1503 835 iatur.

546 860 722 958 Omnis
755 854 818 952 de
849 854 1058 981 prestdio
1090 854 1232 951 miles
1264 854 1413 953 furcis
1445 854 1599 955 datur.

541 978 663 1079 Non
729 988 953 1070 arcentes
985 974 1118 1067 sexui
1147 1004 1409 1101 germanus
1442 973 1675 1099 duratur.

443 1195 447 1203 ,
543 1094 668 1199 Inde
692 1008 1031 1189 lamentabilis
1059 1090 1222 1187 luctus
1254 1094 1531 1188 innouatur.

375 1237 383 1285 ³
543 1213 708 1309 Roma
737 1207 921 1309 rodens
952 1205 1156 1304 roditur.
1189 1224 1240 1303 et
1267 1207 1582 1334 patibulatur.

545 1331 761 1426 Senator
792 1342 843 1422 et
872 1325 1056 1423 nobilis
1087 1328 1288 1453 quisque
1319 1340 1437 1422 tunc
1468 1340 1686 1423 necatur.

543 1448 696 1543 Fame
721 1446 924 1573 languet
951 1442 1084 1539 ferro
1119 1444 1310 1569 squalet
1333 1445 1625 1570 flammaque
1651 1461 1905 1544 crematur.

542 1564 672 1660 Vrbs
694 1563 928 1689 probrosa
948 1558 1173 1665 redditur
1195 1592 1291 1687 que
1316 1560 1508 1688 pridem
1532 1558 1704 1657 mundi
1725 1559 1868 1659 datur

546 1680 710 1809 Caput
730 1697 849 1775 tunc
875 1680 1112 1774 conticuit
1142 1693 1194 1774 et
1214 1679 1573 1805 aspernabatur.

486 1880 490 1887 .
544 1800 720 1895 Clerus
741 1797 908 1925 paslnn
931 1798 1137 1891 moritur
1165 1827 1344 1891 munus
1367 1795 1470 1891 disli
1506 1811 1627 1891 atur.

533 1917 687 2013 'Alter
716 1945 847 2043 papa
875 1916 1078 2040 ponitur
1107 1914 1189 2009 vel
1214 1916 1345 2009 cesar
1369 1828 1690 2011 consbcratur.

542 2031 766 2129 Mundus
789 2045 925 2125 totus
953 2033 1168 2157 quatitur
1190 2030 1373 2125 malum
1394 2033 1692 2127 instauratur.

542 2151 811 2277 Iurantque
840 2144 1016 2243 residui
1046 2149 1105 2242 src
1136 2148 1252 2243 urbs
1283 2166 1550 2275 reparatur.

541 2268 642 2363 Per
669 2284 835 2395 partes
865 2267 1123 2404 hespereas
1153 2280 1346 2360 tantum
1374 2267 1650 2363 roboratur.

424 2398 434 2406 '
543 2386 695 2481 Orbis
720 2380 858 2511 quod
879 2382 1184 2510 pnncipibus
1205 2383 1332 2477 nulli
1353 2380 1593 2479 secundus
1618 2383 1775 2481 datur.

518 2501 734 2605 2Audax.
764 2500 839 2596 lar
906 2533 941 2596 s.
1009 2500 1226 2627 erspicax
1250 2501 1495 2627 semperh
1533 2501 1730 2597 laratur.

540 2620 801 2749 Superbos
868 2531 1095 2717 umtbans
1125 2614 1345 2748 prudens
1375 2632 1702 2747 properatur.
1825 2654 1831 2662 ·

660 2852 949 2950 Alexander
976 2838 1140 2947 latitat
1168 2850 1302 2979 apud
1331 2852 1608 2951 lanuenses.
1659 2920 1661 2927 ψ

541 2972 699 3069 lanua
720 3002 831 3067 non
859 2971 1052 3069 sustinet
1081 2971 1212 3065 uires
1244 2974 1595 3069 excrescentes,

538 3092 610 3186 Et
637 3091 691 3183 in
720 3120 846 3217 gyro
878 3091 1049 3187 uineas
1082 3119 1255 3183 omnes
1287 3089 1606 3186 succidentes.

541 3206 815 3303 Galearum
846 3209 992 3332 copia
1021 3207 1145 3299 mari
1176 3206 1463 3307 collocatur.

531 3324 615 3437 ¹Pa
652 3355 680 3417 a
710 3323 742 3417 sr
773 3324 980 3419 euaserit
1007 3339 1062 3419 et
1088 3354 1195 3418 non
1222 3356 1282 3419 ca
1318 3327 1459 3420 iatur.

540 3358 737 3559 Medum
760 3444 948 3536 cunctis
970 3437 1194 3536 imminet
1261 3356 1421 3538 ublice
1443 3441 1620 3538 luatur.

540 3558 680 3686 Papa
702 3589 795 3685 per
820 3556 1072 3654 carnifices
1102 3475 1545 3655 hinciicenciatur.

538 3677 713 3771 Mense
736 3693 903 3772 tamen
925 3677 1134 3815 amplius
1160 3678 1277 3771 uiris
1305 3676 1594 3773 occultatur.

537 3792 611 3889 Pa
649 3826 678 3888 a
701 3795 893 3889 sanctus
912 3794 1086 3889 habrtu
1110 3793 1339 3891 muliebri
1359 3794 1494 3889 latet.

536 3826 652 4007 Pob
672 3911 770 4045 hoc
796 3912 1150 4008 extromittitur
1180 3927 1232 4006 et
1258 3914 1423 4043 carina
1445 3926 1597 4038 patet.
1618 3960 1624 3997 t

537 4027 736 4155 Pyratis
768 4027 1003 4149 diuinitus
1033 4028 1166 4124 nube
1201 4029 1260 4124 stc
1291 4028 1497 4124 uelatur.

470 4197 474 4206 ,
538 4143 678 4270 Papa
709 4175 813 4239 non
845 4148 1036 4271 capitur
1064 4176 1158 4241 nec
1189 4147 1266 4241 his
1297 4142 1455 4272 preda
1488 4142 1645 4241 datur.

532 4260 796 4592 §uantum
820 4264 873 4359 in
894 4263 1123 4359 nauicula
1143 4262 1311 4359 nullus
1337 4262 1629 4358 consolatur.

596 4377 695 4473 uod
717 4378 896 4475 euadat
917 4381 1124 4520 laqueos
1157 4380 1330 4475 christo
1351 4382 1400 4475 su
1438 4380 1662 4506 plicatur.

588 4495 730 4593 ranst
753 4527 844 4623 per
867 4496 1058 4596 infidras
1083 4500 1284 4636 quisque
1307 4412 1626 4623 conspicatur.

534 4612 759 4739 Pergunt
782 4630 837 4709 ut
859 4617 992 4713 hunc
1014 4631 1209 4742 rapiant
1232 4613 1316 4711 sed
1338 4616 1417 4709 his
1446 4614 1777 4711 obumbratur.

538 4730 628 4828 Nil
695 4734 818 4827 irate
849 4731 1038 4828 faciunt
1067 4733 1193 4829 cassa
1222 4735 1331 4860 quis
1364 4746 1582 4828 conatur.

540 4764 753 4949 Christus
775 4881 955 4979 papam
974 4853 1194 4978 protegit
1218 4881 1404 4951 conans
1428 4864 1703 4948 excecatur.
1885 4902 1997 5003 No·-
