4742 6067
564 497 575 517 ,,
619 420 696 520 ...a
955 533 963 538 .
1032 430 1038 444 ·
1095 359 1173 491 ui
1225 406 1551 495 anonrnr

374 629 389 646 “
523 580 694 715 Ἕὶηε
720 616 1098 829 consignarrerat·
1110 612 1402 743 pridemque
1423 614 1637 712 famoso'
1795 656 1835 661 ··
1918 624 1926 645 ’

568 733 847 859 Triumpho
891 733 1191 839 ombartrcos
1213 763 1402 829 romam
1439 766 1500 829 ue
1523 728 1728 829 nodoso

565 850 740 948 Manci
777 868 881 946 arat
901 852 1052 945 nexui
1063 849 1401 946 mediolanum
1457 852 1596 945 rauit.
1834 874 1836 877 ·

563 969 633 1066 Et
688 883 895 1065 robrosrs
918 964 1105 1064 ficubus
1124 967 1307 1095 probra
1328 968 1607 1063 cumularrit.
1631 1042 1635 1051 .
1721 1003 1723 1007 ’

569 1000 813 1212 Gedaque
836 1083 1213 1227 perpetualege
1241 1085 1568 1224 ⁰9¹ls¹g¹¹sulb

461 1252 463 1256 ·
568 1206 713 1321 Quos
737 1233 886 1299 muns
908 1198 1122 1329 presidiis
1143 1200 1356 1325 publrcrs
1380 1215 1605 1327 pnuaurt.

564 1321 891 1445 Disciplinam
922 1343 1100 1430 uereor
1120 1316 1332 1443 qualiter
1355 1320 1624 1413 mulctauit.

564 1436 608 1535 F
611 1436 757 1532 edum
778 1452 903 1564 puto
926 1437 1134 1531 scribere
1157 1433 1274 1531 illos
1297 1448 1348 1531 et
1369 1435 1616 1531 mactauit.

652 1668 808 1768 Rubr.
837 1670 950 1768 Hoc
970 1684 1198 1795 ternpore
1219 1667 1336 1787 b‘ela
1354 1698 1444 1766 rex
1464 1668 1692 1797 regnauit
1712 1669 1765 1765 in
1788 1671 2001 1797 ungaria

444 2003 447 2009 ,
622 1847 765 2000 Bela
783 1935 875 2031 per
894 1905 1147 2031 ungariam
1169 1903 1326 1997 tercio
1347 1900 1602 2030 regnante.

563 2020 765 2119 Laudes
789 2055 847 2116 ac
870 2023 1102 2117 uictorias
1127 2020 1221 2114 suis
1245 2022 1538 2118 cumulante.

562 2136 738 2234 Laude
763 2139 867 2233 sato
890 2140 1085 2249 concite
1110 2135 1193 2231 fibi
1218 2134 1564 2239 demandante.

565 2252 795 2351 Moritur.
826 2271 878 2349 et
899 2254 1001 2349 silio
1024 2256 1185 2380 primo
1209 2252 1533 2351 discordante.

562 2372 689 2466 Cum
711 2401 946 2499 germano
970 2372 1180 2479 uincitur
1203 2384 1257 2465 et
1280 2371 1621 2483 exheredatur.

561 2486 672 2585 Nec
693 2490 866 2584 mirum
887 2490 935 2581 se
949 2487 1138 2614 religas
1149 2487 1390 2627 scriptum
1409 2488 1552 2703 guod
1573 2488 1783 2591 testatur.

561 2602 726 2699 Roma
749 2605 911 2700 fratris
935 2606 1166 2731 sanguine
1191 2600 1384 2731 pndem

561 2719 684 2816 Non
706 2722 771 2816 est
792 2721 949 2847 passus
971 2721 1193 2816 romulus
1226 2753 1415 2819 remum
1439 2724 1522 2821 sed
1546 2739 1763 2819 necatur.

510 2954 515 2961 Ι
560 2836 644 2933 Sic
669 2838 849 2965 phares
872 2839 1002 2932 Zara
1023 2840 1248 2963 primitus
1269 2838 1458 2936 bellum
1480 2843 1759 2936 innonatur.

558 2956 608 3053 A
630 2985 786 3083 regno
808 2953 1034 3048 latissimo
1056 2953 1209 3050 frater
1231 2956 1481 3095 effugatur.

556 3069 788 3168 Andreas
809 3073 902 3166 iuit
924 3068 989 3165 ad
1011 3070 1246 3168 austriam.
1276 3073 1504 3171 heinrico
1525 3078 1751 3172 micante.

557 3187 682 3283 Solo
704 3190 845 3315 regni
867 3188 1004 3283 solio.
1033 3218 1198 3315 eoque
1221 3192 1476 3317 migrante.

552 3302 720 3415 Patris
744 3305 857 3431 lege
883 3303 1050 3399 denuo
1074 3336 1231 3433 regno
1254 3308 1514 3405 titubante.

422 3532 428 3545 ⁹
472 3508 477 3515 .
553 3420 742 3549 Vngari
765 3422 1060 3547 superstitem
1085 3439 1299 3548 querunt
1322 3443 1372 3522 et
1396 3425 1684 3554 gaudenter.

553 3535 820 3634 Reuocant
843 3539 905 3633 ab
931 3537 1113 3635 austria.
1143 3543 1412 3684 locantque
1435 3544 1685 3657 decenter.

553 3653 947 3781 Circumquaque
1013 3660 1229 3754 ueritant
1250 3690 1519 3788 regmaque
1544 3672 1824 3789 procantur.

550 3770 727 3868 Nobili
748 3775 974 3899 prosapia
1016 3774 1407 3887 reconsiliantur.

550 3887 764 3985 Nobiles
788 3922 850 3985 ex
871 3890 1042 3985 austria
1064 3894 1206 4017 proci
1231 3893 1541 3999 destinantur.

471 4113 474 4117 A
530 4004 743 4101 ‘Indutis
765 4010 983 4102 meranie
1003 4026 1121 4109 nata
1140 4012 1261 4135 pros
1291 4028 1502 4107 erantur.

549 4120 921 4249 Gerdrudisque
946 4122 1045 4219 filia
1067 4124 1185 4221 dicti
1207 4044 1451 4254 palliatur.

548 4237 618 4333 Et
637 4238 841 4335 Andree
865 4244 1087 4369 coniugis
1108 4246 1210 4339 uite
1235 4246 1433 4341 consors
1456 4244 1614 4352 datur,
1715 4358 1720 4367 ¹
1791 4304 1794 4315 ·

550 4353 702 4450 Cuius
727 4355 879 4452 frater
899 4355 1098 4454 inclitus
1122 4361 1197 4455 uir
1221 4363 1572 4490 magnificatur.
1612 4460 1614 4467 ,
1733 4446 1736 4455 .

547 4469 881 4569 Perchtoldus
908 4476 1326 4586 colocietandem
1360 4478 1688 4578 cathedratur.

546 4588 775 4686 Andreas
797 4608 942 4687 natos
962 4594 1136 4721 genuit
1154 4610 1270 4691 tres.
1300 4600 1487 4737 primus
1508 4617 1730 4696 uocatur.

545 4702 686 4821 Bela
716 4708 842 4807 alter
864 4709 1036 4813 andre.
1066 4712 1399 4848 colomanhn
1416 4716 1556 4877 soror
1573 4731 1853 4855 generatur.
1878 4805 2003 4964 ΕΙΣ·
2024 4763 2030 4769 -
2050 4739 2074 4777 ’

1444 2604 1678 2704 edicatur.
1764 2690 1769 2700 .
