4742 6067
709 566 714 576 .
849 503 1232 610 ranvrn.
1511 601 1518 613 ,
1690 498 1797 633 a

265 726 477 845 quentibus
496 717 744 804 manifestum
763 715 825 803 it:
849 746 923 801 nec
934 722 1135 813 minorem
1151 710 1460 826 diligentiamin
1477 722 1528 800 in
1554 738 1790 817 enarrandis
1813 753 1817 762 ’

267 838 474 925 adhibent,
483 825 949 939 quaefflaustsoneoburgi
960 816 1291 929 memoriadigna
1309 841 1536 903 evenerunt.
1563 834 1600 910 It
1655 841 1791 917 uehoc

270 942 514 1027 chronicon,
541 934 775 1009 cuinullum
802 932 964 1033 quidem
983 954 1131 1004 nomen
1157 931 1200 1005 in
1227 929 1369 1004 codice
1394 931 1604 1031 praefixum
1646 964 1668 1014 e
1698 943 1794 1034 itur,

271 1073 297 1122 a
316 1041 525 1119 clarillimo
546 1034 752 1113 Gentiloto
771 1030 1226 1135 Claullroneoburgenle
1243 1034 1329 1109 iure
1348 1055 1373 1108 a
1402 1036 1598 1134 p‘ellatur,
1626 966 1696 1118 sui
1713 1067 1793 1143 quo

269 1148 385 1231 titulo
403 1140 502 1217 illud
520 1142 604 1214 iam
622 1137 722 1214 olim
740 1135 910 1213 historiae
922 1154 1030 1213 'meae
1046 1135 1266 1215 Austriacae
1281 1135 1337 1211 T.
1345 1058 1418 1211 lii
1442 1162 1537 1250 pag,
1554 1168 1621 1241 57,
1644 1162 1713 1243 58,
1738 1144 1797 1219 01,

271 1250 378 1341 tavi,
405 1243 518 1321 &ex
533 1266 585 1320 eo
604 1252 803 1343 excerpta
818 1239 957 1318 dedi..
1039 1303 1042 1316 .
1289 1248 1294 1255 ·
1509 1290 1512 1295 .
1604 1276 1609 1285 -
1680 1310 1686 1318 ,

370 1446 441 1527 111.
468 1440 776 1522 Laudatiilimur
794 1439 1071 1547 Hieronymus
1087 1440 1233 1545 Penius
1258 1444 1300 1521 S.
1309 1442 1486 1523 Ram
1495 1445 1527 1526 1.
1555 1452 1677 1539 acol.
1703 1472 1796 1553 433,

270 1598 337 1623 ...-
353 1576 447 1651 ·49n.
475 1548 696 1626 chronicon
716 1540 1169 1653 Claustroneoburgenfe
1188 1550 1336 1651 edidit,
1371 1561 1426 1627 'ex
1451 1553 1594 1631 codice
1614 1556 1793 1662 quodam

269 1654 588 1735 membranaceo·
611 1654 778 1755 optimae
802 1664 909 1727 notre
937 1649 977 1726 &
1001 1652 1285 1757 pereleganter
1319 1665 1488 1731 exarato
1524 1658 1795 1761 depromtum.

270 1759 387 1837 Hunc
405 1780 506 1833 vero
526 1756 709 1831 codicem
728 1754 957 1845 Palatinum
976 1776 1029 1829 ex
1046 1752 1299 1859 lciagraphia
1320 1757 1464 1860 ,magni
1483 1749 1663 1862 corporia
1681 1755 1798 1843 hino,

269 1865 343 1940 rici
361 1858 560 1937 olarilllmi
578 1858 766 1935 Danielis
781 1856 945 1933 Nellelii
963 1856 1031 1932 libi
1050 1878 1099 1932 co
1129 1858 1268 1950 nituin,
1295 1854 1516 1960 numquam
1542 1878 1680 1940 tamen
1706 1888 1733 1938 a
1757 1861 1797 1939 se

271 1964 401 2041 visum
417 1960 527 2039 laisla
550 1962 727 2064 ingenue
744 1958 911 2048 laterum
939 1975 1058 2063 atquc
1078 1884 1136 2036 oh·
1154 1962 1202 2059 id
1212 1983 1302 2062 =nou
1331 1960 1423 2039 satia
1446 1962 1520 2053 *lbi
1547 1962 1809 2071 compertum,

272 2067 349 2145 elle
366 2064 532 2155 adserit,
558 2078 690 2139 utrum
708 2062 836 2141 amho'
851 2063 1042 2139 chronida
1059 2065 1226 2156 eadem,
1254 2088 1305 2139 an
1332 2064 1490 2143 diversa
1514 2065 1607 2143 lint(
1656 2060 1799 2171 Itaque

272 2167 472 2246 ambobus
491 2168 672 2242 maximo
688 2166 817 2243 studio
833 2166 993 2241 interra
1014 2166 1194 2259 collatis,
1222 2170 1412 2269 omnique
1430 2192 1475 2245 re
1492 2169 1709 2275 diligenter
1729 2166 1800 2249 exi

272 2270 417 2376 pensa,
443 2268 717 2373 deprehendi,
743 2270 815 2343 illa
833 2270 996 2368 quidem
1014 2270 1056 2342 in
1067 2270 1296 2365 'admodum
1315 2272 1450 2348 multia
1468 2288 1612 2349 exacte
1639 2276 1743 2350 inter
1759 2266 1799 2349 se

277 2374 516 2462 convenire,
543 2374 583 2444 in
602 2369 784 2471 pluribus
804 2384 940 2443 autem
957 2373 1015 2450 ita
1028 2372 1136 2445 ‘inter
1151 2368 1190 2445 se
1203 2372 1460 2473 discrepare,
1485 2390 1527 2451 ut
1552 2401 1629 2477 pro
1651 2378 1799 2452 eodem

275 2468 419 2553 haberi
438 2474 603 2547 minime
630 2471 796 2573 pollint;
820 2470 941 2569 'quod
969 2494 1108 2544 omnes
1137 2474 1363 2571 apartium
1389 2474 1513 2549 fludio
1542 2477 1696 2552 alienor
1716 2475 1800 2552 me·

275 2602 368 2654 cum
384 2577 631 2651 iudicaturos
652 2572 824 2649 conlido.
857 2570 996 2647 *Unde
1024 2571 1230 2675 piaculur'ri
1256 2591 1326 2648 me
1352 2576 1644 2669 commiillrrum
1672 2576 1799 2655 existi-

124 2693 127 2701 '
269 2682 407 2773 mavi,
427 2678 480 2770 n,
497 2678 603 2751 ‘dum
620 2676 812 2779 inignem
828 2672 932 2775 hun'c
952 2674 1137 2749 codicem
1156 2676 1210 2749 ad
1227 2682 1391 2768 manus,
1427 2680 1511 2753 eiua
1542 2691 1591 2754 ire
1610 2682 1650 2754 ir'r
1669 2674 1807 2785 publi

276 2797 368 2858 oum
386 2780 620 2883 proferendi
631 2781 794 2879 copiam
813 2774 947 2852 habeo
959 2776 1377 2875 ,hilleriaeAustriacae
1391 2703 1681 2867 lludioiostam
1702 2806 1801 2885 prae·

279 2886 392 2966 ¹claro
413 2884 573 2959 c·imelio
592 2883 817 2983 privarem·
864 2878 1036 2953 sienim
1055 2878 1297 2954 doctillimus
1315 2879 1460 2982 Penios
1479 2883 1625 2985 praeter
1643 2884 1800 2966 chroni-

279 3011 360 3063 con*
375 3000 489 3063 vetus
506 2981 744 3068 Mellicense'
761 2984 885 3058 etiam
904 2979 1354 3087 claustroneoburgenle
1373 2984 1586 3087 separatim
1599 2979 1715 3090 ‘typis
1734 2981 1808 3065 de.¹

278 3087 532 3166 scribendum
551 3086 710 3177 censuit,
737 3086 921 3186 quamvis
940 3085 966 3159 l.
987 3085 1050 3159 cit.
1072 3085 1148 3159 col.
1160 3087 1249 3182 436.
1268 3086 1408 3185 palam
1427 3089 1672 3181 confiteatur,
1683 3087 1802 3166 Clau·
1929 3141 1933 3151 ,

280 3188 672 3292 stroneoburgerrsem
691 3184 1056 3291 chronographum
1073 3184 1352 3263 Mellicensem
1371 3190 1804 3293 codicemprae'ocoli's

278 3280 476 3385 haurite,
502 3294 627 3367 immo
646 3290 750 3393 saepe
768 3292 938 3391 totidem
960 3289 1095 3365 verbis
1114 3289 1349 3393 enlcrip'lille
1376 3288 1506 3395 (cuius
1523 3297 1683 3397 generis
1701 3296 1806 3370 litte·

281 3400 389 3473 raria
406 3396 544 3498 plagia
562 3419 587 3469 a
604 3395 750 3469 mediae
769 3396 897 3471 {etatis
915 3390 1370 3493 Hilarius-frequenter
1386 3396 1590 3471 commille
1607 3395 1715 3476 fulua
1734 3393 1807 3473 no‘e
1936 3481 1941 3494 q

280 3498 465 3575 tillimum
485 3496 667 3603 est);non
685 3498 865 3599 dispicio,
876 3519 948 3572 cur
966 3494 1139 3593 crambis
1156 3510 1329 3590 recoctae
1347 3496 1819 3595 reus'haberidebeam,

283 3604 380 3679 dum
407 3598 856 3699 codieemcaesareum,
884 3616 910 3673 a
930 3598 1109 3673 Peziano
1126 3598 1168 3671 in
1185 3598 1390 3699 plerisque
1408 3602 1567 3701 penitus
1585 3602 1807 3696 diversum,

283 3710 325 3781 in
346 3705 591 3779 eruditorum
609 3724 750 3777 manus
777 3701 907 3797 trado.
961 3694 1150 3775 Ceterum
1169 3724 1223 3775 an
1239 3700 1407 3775 Peziani
1433 3727 1484 3776 arr
1504 3700 1676 3782 Caesarei
1696 3706 1807 3779 codi-
1823 3712 1845 3763 ἑ
1867 3750 1876 3773 ;

282 3810 348 3883 cis·
360 3803 660 3907 Compilatores
677 3818 794 3883 aetate
814 3804 1033 3901 anteriores
1046 3802 1218 3892 luerint,
1246 3817 1388 3878 exacte
1407 3804 1563 3879 deliniri
1591 3831 1672 3884 non
1730 3804 1815 3884 olle.

279 3911 454 4011 rideurr.
499 3906 585 3981 ‘Etli
601 3910 711 3983 enirn
728 3906 871 3981 Peziu's
889 3902 999 3979 lirum
1017 3904 1107 3979 XII.
1126 3904 1269 3980 laeculo
1287 3930 1360 3979 ver
1388 3921 1477 3982 ente
1495 3907 1681 4013 scripturn
1742 3906 1809 3987 ille

284 4012 353 4089 alli
361 4019 487 4117 rrnet·²
514 4032 587 4084 nos
605 4031 708 4090 veno
724 4008 895 4085 nostrum
920 4007 1063 4084 sdculo
1091 4006 1254 4082 demum
1281 4006 1362 4085 XII
1404 4065 1412 4082 .
1440 4009 1695 4087 tribuendum
1730 4010 1807 4087 elle
1941 4055 1944 4059 -

281 4100 541 4203 censeamus,
567 4110 667 4187 illud
685 4110 1127 4187 memoria'tenendum
1147 4109 1219 4201 est,
1246 4108 1351 4186 hunc
1368 4110 1596 4189 Palatinum
1625 4110 1810 4189 codicem

90 4286 94 4296 .
226 4307 230 4315 Ι
251 4298 255 4303 ,
282 4239 373 4295 uon·
384 4216 489 4297 solos
509 4212 978 4318 Claustroneoburgeul'et
998 4213 1170 4288 annales'
1183 4216 1421 4313 complecti,
1448 4215 1514 4291 sed
1543 4216 1616 4292 eise
1636 4242 1738 4319 opus
1757 4217 1811 4291 ex

284 4317 465 4424 pluribus
484 4317 704 4410 chronicis,
731 4319 969 4395 nominatim
987 4316 1211 4391 Hermanni
1229 4313 1447 4409 contracti,
1475 4315 1808 4411 Gariienli,Clau·

288 4418 624 4523 tironeoburgenfi
645 4442 692 4495 ac
711 4418 753 4495 S.
763 4419 942 4495 Floriani
961 4416 1028 4492 sub
1048 4442 1198 4493 annum
1220 4436 1329 4515 ¹3⁰8·
1357 4422 1398 4494 in
1418 4445 1539 4495 unum
1565 4424 1705 4497 veluti.
1720 4446 1808 4496 cor·

285 4544 363 4627 pus
382 4521 601 4615 redactum,
621 4525 731 4613 cuius
748 4524 923 4623 primum
942 4519 1276 4624 alithographum,
1303 4522 1446 4620 quibus
1465 4526 1579 4598 annis
1599 4523 1810 4600 elucubra-

276 4638 372 4701 'tum
388 4622 518 4717 fuerit,
537 4649 657 4700 nemo
674 4624 794 4699 facile
813 4624 1104 4700 diiudicaverit.
1156 4622 1301 4723 Neque
1319 4625 1418 4699 illud
1428 4627 1813 4725 praetermittendum

286 4726 362 4820 est,
381 4726 677 4803 eruditillimum
697 4726 884 4801 Marcum
901 4724 1127 4801 Haniizium
1146 4728 1279 4829 primo
1300 4722 1527 4805 Germaniae
1546 4728 1681 4805 Sacrae
1698 4743 1811 4805 tomo
1929 4746 1934 4751 '

287 4808 367 4908 hoc
387 4828 568 4909 cesaree
589 4828 762 4927 Codice,
789 4828 857 4903 libi
878 4832 909 4904 ‘a
928 4826 1192 5011 cegeber'rimo
1217 4825 1424 4908 Gentiloto
1451 4830 1726 5008 suppeditlaito,
1752 4830 1811 4906 di·

1031 4958 1052 5010 a
1295 4994 1301 5005 ,
1666 4957 1760 5040 gen·
