4742 6067
748 382 1352 488 osrru‘uovrnusr.
1465 489 1468 495 ,
1675 434 1758 511 με
1908 528 1911 547 Ι

280 612 464 743 phanie
484 610 774 707 ,statuerunt
813 614 869 706 in
896 608 1237 725 franchenfurt
1269 608 1637 707 celebrandum.
1705 615 1807 712 Ubi

195 744 199 749 ’
282 732 401 827 dum
432 728 631 857 quidam
662 730 1010 827 conuenissent.
1070 730 1397 855 Moguntinus
1431 746 1481 825 et
1513 730 1806 827 coloniensrs

284 848 648 975 archiepiscopi
693 862 745 940 et
774 845 1040 943 Ludwicus
1083 878 1250 941 comes
1282 852 1529 974 palatinus
1561 847 1704 945 Reni.
1747 882 1803 945 ac

282 968 437 1063 frater
466 968 576 1061 suus
607 962 836 1059 dominus
859 966 1121 1060 Heinricns
1145 962 1245 1059 dux
1266 964 1496 1061 bawarie.
1527 967 1578 1060 in
1600 966 1810 1062 Richar-

180 1138 187 1150 .
286 1085 403 1181 dum
431 1083 637 1180 fratrem
666 1085 796 1210 regis
827 1083 1009 1211 Anglie
1042 1098 1397 1179 conuenerunt
1440 1085 1709 1180 etelectus
1742 1088 1805 1179 ab

283 1202 396 1330 ipsrs
421 1201 764 1329 subsequenter
788 1202 839 1295 in
865 1198 945 1295 die
971 1200 1258 1295 ascenfionis
1283 1196 1485 1297 domini.
1511 1216 1631 1329 aput
1652 1203 1809 1412 εῗυίΐ-

285 1352 493 1450 granum
531 1322 585 1413 in
612 1348 667 1412 re
702 1350 781 1413 em
811 1320 1020 1447 ungitur.
1062 1334 1113 1413 et
1179 1333 1378 1413 otenter
1420 1324 1473 1414 in
1502 1351 1554 1414 re
1592 1321 1642 1412 ni
1702 1321 1804 1415 olio

287 1436 577 1535 collocatur.
722 1438 917 1532 ominus
948 1452 1112 1532 autem
1138 1351 1455 1531 Jsreuerensrs
1486 1350 1811 1563 arciriepisco·

286 1588 382 1683 pus
413 1587 525 1651 curn
555 1554 664 1650 asiis
695 1552 980 1682 quibusdam
1039 1554 1309 1682 rincipibus
1334 1557 1606 1669 consentire
1628 1555 1810 1649 nolens

288 1673 524 1769 electioni
549 1672 788 1798 predicter
815 1673 871 1765 iu
902 1703 981 1766 me
1018 1675 1065 1766 ia
1096 1672 1281 1797 quadra
1319 1670 1459 1765 esrma
1489 1670 1644 1767 fretus
1679 1673 1812 1767 litte-
1851 1735 1853 1740 -

286 1794 355 1887 ris
396 1806 449 1887 et
486 1792 780 1885 auctoritate
820 1816 874 1882 re
911 1792 950 1883 's
989 1789 1222 1885 bohemie
1302 1791 1404 1883 ucis
1435 1789 1653 1885 Saxonie
1685 1820 1808 1884 mar-

289 1910 524 2003 'chionum
554 1906 619 1999 de
637 1904 878 2002 Branden
914 1908 1036 2003 urch
1067 1905 1348 2001 etaliorum
1381 1906 1647 2001 multorum
1677 1909 1811 2032 prin·

291 2027 470 2149 cipum.
508 2022 672 2147 elegit·
700 2021 956 2141 dominnm
990 2023 1301 2147 Alphonsnm
1340 2019 1529 2149 Regem
1543 2026 1809 2151 Hy'spanie.

291 2143 378 2265 qui
408 2139 644 2234 electioni
675 2136 737 2237 de
768 2138 816 2229 se
846 2138 982 2233 facte
1009 2139 1256 2231 consensit„
1282 2140 1529 2265 persuasus
1562 2172 1665 2236 are
1702 2139 1809 2235 ibus

290 2254 596 2384 principibus
629 2270 680 2350 et
710 2257 889 2350 auricis.
951 2256 1054 2377 Qui
1079 2254 1180 2349 duo
1198 2253 1373 2383 Reges
1399 2170 1712 2353 contenciosc
1735 2289 1811 2353 re·

326 2385 586 2470 naueruntffl
622 2374 706 2469 xii.
745 2376 901 2469 annio
946 2385 1014 2469 ct⁴
1039 2373 1274 2499 amplius
1305 2374 1453 2502 usque
1497 2372 1561 2470 ad
1584 2390 1812 2503 tempora

342 2490 494 2589 udolfi
524 2492 718 2586 comitis
749 2488 812 2587 de
837 2490 1138 2617 Habspurch.

291 2772 295 2779 ,
352 2663 638 2783 lucidencia
674 2664 738 2759 ab
769 2696 902 2761 anno
934 2662 1124 2782 domini
1154 2664 1242 2763 Mt
1257 2668 1342 2762 cc‘.
1355 2662 1404 2761 1⁰.
1436 2680 1487 2763 et
1515 2671 1754 2795 regimine
1779 2772 1781 2777 ,

448 2782 641 2879 domini
673 2782 933 2879 Wilhel'ms
964 2814 1019 2877 re
1055 2786 1094 2879 's
1135 2784 1285 2911 usque
1333 2783 1393 2880 ad
1433 2799 1660 2915 tempora

584 2897 774 2996 domini
794 2898 998 2998 Rudolsi
1068 2933 1358 2999 omanorum
1382 2906 1524 3030 regis.

411 3075 500 3171 Μ’.
514 3073 675 3170 celi&
705 3071 997 3180 chunradus
1033 3106 1134 3171 rex.
1159 3075 1287 3170 silius
1317 3074 1535 3172 friderici
1561 3076 1813 3219 quondam

291 3187 830 3322 irnperatorin.Natale
861 3190 1052 3289 domini
1075 3194 1345 3319 Ratispone
1372 3192 1478 3290 fuit.
1508 3194 1593 3290 ub1
1623 3198 1674 3290 in
1738 3227 1814 3291 ro·

293 3315 427 3409 xima
449 3307 728 3448 nocterpost
752 3308 923 3403 festum
946 3311 1288 3406 Innocentum.
1321 3314 1437 3437 quia
1456 3313 1553 3406 iam
1574 3313 1707 3439 posse
1762 3346 1813 3409 o·

294 3460 386 3526 nes
417 3428 579 3555 episco
617 3440 715 3520 ret
744 3428 1124 3521 ministerialium
1156 3426 1299 3522 Ratis
1331 3458 1428 3524 one
1458 3430 1700 3525 incendiis
1732 3462 1814 3527 ua·

294 3546 525 3655 siauerat,
593 3574 672 3635 um
703 3543 755 3634 in
786 3542 1078 3638 monasterio
1109 3544 1262 3637 sancti
1286 3460 1534 3639 Emerami
1564 3544 1815 3645 dormiret.

295 3658 589 3758 Chunradus
628 3655 692 3753 de
723 3658 1031 3755 Hohenuels.
1075 3659 1239 3755 etalii
1274 3659 1620 3759 ministeriales,
1650 3663 1816 3761 media

292 3794 448 3875 nocte
472 3780 540 3871 2in
575 3783 818 3873 cameram
851 3778 984 3872 suam
1013 3779 1308 3905 irruperunt.
1353 3792 1404 3872 et
1447 3810 1557 3875 cum
1596 3811 1688 3907 per
1730 3814 1813 3878 ex·
1946 3798 1950 3805 '

294 3896 576 4024 ploratores
611 3895 688 3990 Re
722 3926 803 3992 em
844 3928 955 3991 cum
992 3910 1208 4023 quatuor
1238 3896 1378 3991 sociis
1410 3900 1684 3993 tantumin
1714 3901 1814 4029 ipsa

298 4014 514 4145 dormire
538 3924 823 4111 didicisent
852 4012 1048 4110 duobus
1070 4014 1237 4109 occisis
1269 4028 1320 4107 et
1339 4014 1495 4109 tribus
1519 4018 1688 4159 captis,
1712 4048 1815 4113 cre·

290 4134 486 4231 debant
515 4130 564 4225 se
593 4133 817 4229 occidisse
849 4132 1004 4259 ipsum
1023 4130 1228 4259 Regem.
1262 4128 1345 4229 sed
1367 4146 1520 4228 noctu
1540 4152 1626 4235 v1¹¹¹
1643 4132 1833 4230 sormi·-

295 4267 354 4347 ἰο
387 4248 496 4344 casu
526 4249 938 4375 superueneratet
957 4248 1231 4376 locoipsrus
1262 4275 1317 4343 re
1352 4252 1392 4343 is
1423 4252 1714 4348 interfectus
1737 4254 1815 4347 esi.

298 4368 412 4465 Rex
441 4382 608 4461 autem
635 4366 838 4465 latitans
865 4362 950 4463 sub
973 4371 1217 4494 scampno,
1247 4278 1396 4461 tresde
1419 4370 1706 4468 miraculose
1729 4374 1815 4465 im·

169 4586 185 4613 κ
298 4489 494 4581 minens
568 4486 807 4582 ericulum
836 4488 1008 4583 mortis
1041 4485 1200 4581 euasit.
1291 4484 1659 4612 Subsequenter
1689 4490 1817 4585 circa

299 4602 473 4699 fesium
547 4606 801 4735 pyphanie
830 4635 918 4702 rex
941 4604 1183 4700 Bohemie
1215 4602 1371 4698 filium
1402 4604 1539 4699 suum
1569 4607 1621 4699 in
1642 4602 1816 4702 Bawa·

300 4723 424 4820 riam
465 4753 578 4818 cum
622 4725 844 4821 exercitu
886 4721 1154 4819 destinauit
1197 4724 1283 4852 qui
1312 4724 1366 4817 in
1385 4720 1612 4819 Marchia
1641 4722 1816 4819 Cham-

1555 4950 1567 4963 ,
1621 4840 1772 4941 bensr
1919 4894 1924 4902 ·
