4742 6067
209 1616 241 1671 ν
290 1598 484 1711 ’.ῑΝ
559 1590 1086 1709 cunotucort
1155 1574 1681 1723 GARSTENSE
1819 1747 1831 1759 .
1897 1724 1901 1732 .

359 2060 360 2068 Ν
467 1952 501 2007 ·:
583 1952 1164 2061 ,gonjaunvnrronus
1211 1948 1510 2059 enarra:

678 2262 1432 2311 ,w

963 2480 969 2489 .
1030 2506 1088 2607 L

294 2646 676 2873 Antiquissimum
694 2766 861 2848 Ordinis
880 2766 920 2845 S.
930 2766 1384 2853 Benedicticoenobium
1400 2766 1603 2849 Garllenl’e
1617 2768 1663 2849 in
1671 2766 1825 2849 Archi·

293 2874 620 2955 *ducatuAullriae
637 2874 676 2961 su
707 2897 754 2950 ra
761 2872 939 2948 Anasum
954 2873 1086 2965 lltum,
1104 2874 1193 2950 urbi
1211 2876 1328 2955 stirae
1344 2875 1541 2967 vicinum,
1553 2898 1662 2950 nunc
1680 2889 1818 2950 autem

301 2978 460 3081 Iosephi
485 2977 535 3053 11.
553 2977 619 3052 Au
705 2980 713 2994 '
743 2978 905 3051 decreto
933 2975 985 3060 ab
1013 2978 1167 3079 aliquot
1193 2982 1306 3055 annis
1341 2978 1540 3083 religiosis
1575 2976 1720 3053 incolis
1748 2977 1818 3051 de·

304 3081 473 3161 stitutum
491 3079 554 3159 est
607 3002 793 3185 fiemus
824 3080 928 3152 rima
944 3080 1120 3182 origine,
1149 3078 1190 3155 a
1208 3083 1362 3157 colonis
1376 3076 1659 3156 Benedictinio
1679 3102 1729 3155 eo
1749 3078 1819 3153 de·

155 3236 161 3243 ι
186 3196 187 3199 ’
294 3182 434 3260 ductis
453 3180 635 3257 disserere
654 3204 736 3255 non
755 3104 905 3255 ell’mei
923 3180 1101 3273 instituti,
1119 3185 1324 3285 praecipue
1342 3206 1434 3257 cum
1451 3182 1529 3258 hoc
1540 3195 1821 3285 argumentum

192 3352 197 3361 .
291 3290 388 3361 iam
406 3284 668 3384 occupaverit
686 3278 726 3357 δι
744 3284 905 3403 egregie
921 3282 1174 3359 illustraverit
1193 3286 1424 3361 clariillmus
1442 3283 1717 3383 Hieronymus
1736 3280 1839 3357 Ρη

292 3389 347 3463 'in
367 3382 710 3461 observationibus
737 3388 898 3487 praevtis
926 3386 1201 3563 adencergta
1229 3384 1466 3477 Garstenlia,
1495 3411 1583 3486 quoe
1611 3378 1750 3460 Tomo
1769 3382 1822 3458 ΙΙ.

309 3486 474 3566 S.R.A.
490 3512 519 3562 a
537 3488 613 3563 eol.
629 3510 845 3589 14r.usque
862 3511 943 3581 147.
955 3490 1092 3563 edidit.
1166 3491 1294 3581 odex,
1314 3513 1392 3590 quo
1408 3483 1825 3590 praesensChronicon

310 3590 553 3681 continetur,
581 3614 634 3664 ex
642 3588 817 3693 Augusta
834 3586 1084 3681 bibliotheca
1102 3590 1335 3693 depromtus
1354 3590 1426 3683 eli,
1444 3593 1547 3668 inter
1565 3590 1744 3691 profante
1762 3586 1823 3665 hi·
1923 3587 1927 3595 ’

289 3696 435 3771 ·lloriae
453 3692 539 3767 Scri
571 3706 677 3767 tores
696 3714 862 3767 numero
872 3686 960 3769 LII.
970 3706 1142 3769 notatus.
1177 3694 1377 3769 Exaratus
1397 3692 1498 3768 estin
1507 3690 1764 3783 membrana,
1784 3688 1825 3765 dt
1861 3717 1865 3724 ·

292 3811 481 3899 'quatuor
495 3718 643 3885 sollum,
663 3792 730 3869 sed
747 3812 982 3897 permagna:
995 3794 1136 3871 formae
1153 3796 1255 3871 folia
1273 3797 1573 3897 complectitur,
1590 3800 1639 3868 ac
1650 3796 1826 3883 minutis,

290 3922 393 3977 'non
418 3920 510 3972 raro
538 3900 661 3971 etiam
688 3897 908 3971 admodum
929 3896 1116 3971 'tenuibus
1143 3897 1440 3989 characteribus
1459 3896 1630 3997 'scriptus
1650 3896 1723 3989 est,
1758 3897 1826 3997 qui

298 4002 542 4103 -srequenter
557 3999 775 4073 lectionem
793 3994 1001 4074 difficilem
1017 3999 1201 4075 reddunt.
1255 3998 1348 4099 Quo
1366 4014 1488 4103 pacto
1506 3998 1585 4076 hoc
1596 3997 1827 4080 Chronicon

314 4126 368 4181 ex
384 4100 607 4205 pervetusto
627 4098 824 4176 Coenobio
845 4096 1055 4191 Garttenfi,
1082 4104 1123 4175 in
1143 4124 1222 4202 quo
1240 4104 1396 4194 natales
1414 4102 1502 4177 suos
1521 4098 1696 4177 habuisse
1725 4098 1827 4175 &ab

315 4205 497 4282 eiusdem
522 4204 603 4279 loci
629 4202 847 4281 Monachis
875 4203 1138 4305 compilatum
1163 4204 1271 4280 fuisse
1292 4203 1467 4280 dubitari
1492 4228 1572 4279 non
1600 4202 1746 4305 potest,
1775 4202 1829 4277 ad
1947 4262 1952 4267 .

253 4378 257 4387 .
317 4307 542 4397 Caesaream
569 4303 859 4382 bibliothecam
886 4308 1200 4411 transmigrarit,
1225 4303 1378 4400 indicia
1402 4330 1485 4394 non
1504 4304 1735 4381 habemus:
1762 4304 1829 4380 sed

318 4424 469 4487 certum
488 4406 560 4501 est,
587 4408 901 4511 nostris-quoque
920 4410 1175 4511 temporibus
1196 4412 1237 4483 in
1264 4434 1314 4485 eo
1333 4404 1521 4485 coenobio
1548 4408 1702 4485 nullum
1718 4410 1826 4482 illiue
1916 4417 1919 4420 ’

314 4512 530 4613 'exemplar
548 4510 737 4587 exstitisse.
789 4510 932 4611 Neque
944 4516 1050 4587 enim
1069 4526 1137 4587 aut
1154 4511 1379 4587 monasterii
1397 4512 1541 4585 incolae
1552 4508 1830 4613 &pollelsores

310 4616 362 4690 id
387 4614 644 4716 ignorassent,
672 4626 740 4691 aut
755 4610 1005 4717 sagacissimis
1024 4613 1230 4691 Bernardo
1251 4611 1292 4687 δι
1308 4609 1563 4713 Hieronymo
1581 4605 1712 4689 Pezlis
1730 4609 1832 4689 illud

322 4716 500 4817 elapsum
525 4714 671 4810 fuisset,
698 4718 786 4818 qui,
822 4718 886 4792 etsr
914 4740 1055 4792 omnes
1083 4713 1292 4811 Garllenfls
1320 4716 1499 4792 asceterii
1526 4716 1688 4793 codices
1715 4716 1831 4818 vigili
1941 4798 1944 4802 ¹

323 4820 441 4895 oculo
469 4818 730 4915 cuculliss'ent,
756 4820 910 4899 nullum
934 4822 976 4896 in
1001 4821 1060 4896 eia
1086 4818 1202 4895 huius'
1230 4814 1420 4896 Chronici
1437 4816 1643 4925 vestigium
1670 4815 1832 4922 repere·

1086 4918 1129 5002 A
1681 4932 1785 5003 runt.
