4742 6067
417 491 420 503 .
597 442 649 516 50
1031 412 1093 495 11.
1143 414 1555 499 cnnonlcon

465 694 467 701 ·
549 622 648 719 sien
684 646 864 747 magno
899 635 1140 758 apparatu
1176 619 1394 748 suscepit
1453 618 1624 721 Bruno
1654 622 2078 756 wirtzburgensis

550 738 712 869 episco
753 768 807 831 us
832 734 966 874 pbrt
1024 734 1304 835 Adalberto
1325 740 1551 835 successit.
1806 781 1807 786 ι
2105 800 2120 813 ,.

551 902 606 1073 dg
665 768 1072 1067 bfflss'ffssiffls
1096 886 1185 952 rex
1207 872 1471 954 excecatus
1495 856 1561 959 est
1581 857 1644 953 ab
1655 860 1867 988 ungaris.
1900 860 2076 956 etAnc

717 1004 807 1069 rex
893 1003 981 1067 ιοι
1037 1042 1049 1067 .

423 1211 426 1217 .
567 1006 869 1210 Areahsxlvij.
891 1087 2065 1221 Suidegerusbabenbergensrsepiscopus.inna-

297 1282 304 1293 .
548 1210 742 1331 ciuitate
767 1204 956 1303 domini
983 1238 1115 1335 papa
1148 1210 1471 1307 consecratur.
1513 1225 1566 1305 et
1593 1211 1859 1307 Heinricus
1890 1242 1981 1309 rex
2012 1227 2067 1307 et

551 1358 678 1427 vxor
712 1326 818 1421 eius
850 1354 1002 1453 agnes
1026 1327 1126 1453 ipsa
1147 1324 1230 1421 die
1265 1327 1521 1455 imperiali-
1544 1324 1899 1425 benedictione
1920 1328 2066 1425 subli-
2169 1436 2175 1443 ,

551 1459 750 1681 witus
764 1558 881 1657 xlix
910 1558 1262 1673 Andreasrex
1296 1590 1606 1691 ungarorum.
1627 1592 1721 1689 per
1751 1561 1945 1691 legatos
1981 1565 2070 1659 im

546 1678 1015 1827 peratoriheinrico
1037 1680 1402 1779 subieccionem
1424 1696 1475 1777 et
1496 1708 1714 1805 arrnuum
1727 1683 1923 1777 censum
1942 1683 2077 1777 iure*
2114 1744 2123 1753 -

553 1798 762 1911 iurando
783 1794 1014 1923 promisrt
1855 1874 1863 1884 ,
2087 1834 2099 1851 ·

482 2006 485 2011 ,
572 1972 584 1988 „
668 1918 743 2013 M.
755 1914 787 2011 l.
840 1916 1013 2053 Agnes
1047 1915 1334 2042 imperatrix
1364 1916 1654 2043 imperatori
1686 1913 1841 2011 silium
1873 1918 2073 2045 peperit

553 2039 755 2137 nomine
779 2032 1065 2129 hernrreurn.
1208 2064 1212 2069 ’
1397 2046 1403 2057 “
1492 2042 1497 2051 ’

568 2244 571 2251 ,
671 2146 1061 2274 M.·1j.·nndreas
1096 2178 1198 2245 rex.
1240 2164 1293 2247 et
1327 2145 1610 2247 adalbertus
1646 2151 1866 2250 marchio
1899 2148 2072 2248 austrie

552 2271 883 2403 pacificantur.
950 2265 1161 2365 Sanctus
1183 2264 1351 2364 Bardo
1375 2268 1770 2395 archiepiscopus
1797 2270 1931 2391 obijt.

621 2484 626 2491 ,
670 2388 836 2509 Mliij.
866 2384 1130 2489 Heinricus
1160 2384 1431 2511 imperator
1450 2388 1757 2521 pannoniam
1789 2418 1901 2483 cum
1937 2417 2072 2482 exer·

556 2510 656 2625 citu
678 2509 817 2634 petit.
849 2501 1248 2719 etploriosislime
1271 2500 1415 2597 redit
1474 2502 1583 2599 Leo
1604 2534 1749 2631 papa.
1781 2507 1867 2645 qni
1888 2517 1940 2598 et
1951 2503 2073 2600 Bru·

554 2658 637 2725 nu.
667 2624 886 2721 natalem
944 2621 1098 2745 omini
1116 2651 1237 2739 ¹cum
1256 2622 1556 2743 imperatore
1578 2650 1845 2717 wormacre
1873 2652 1899 2717 e
1937 2625 1986 2717 't

566 2832 575 2841 ,
672 2743 745 2839 M.
755 2742 819 2837 lv.
849 2740 957 2837 Leo
991 2768 1124 2863 papa
1154 2734 1435 2873 dormiuit'
1496 2734 1715 2833 domino.
1744 2738 1807 2858 iij.
1830 2652 2074 2836 kaEndas
2234 2840 2250 2851 ,

553 2862 675 2961 Mai.
705 2888 797 3071 pp?
818 2887 920 2984 quo
942 2858 1115 2951 uictor.
1146 2849 1421 2981 quretGeb
1510 2850 1605 2951 dus
1624 2854 1865 2953 heistenfis
1888 2858 2074 2986 episco-

594 3012 652 3077 us
678 3004 736 3073 or
771 2989 947 3069 uratur.
1861 3008 1872 3027 ··
2146 3062 2155 3073 ,

556 3012 592 3109 p
673 3096 745 3191 M.
754 3092 836 3215 lvj.
865 3090 1169 3189 Adelbertus
1192 3087 1413 3186 marchio
1437 3088 1607 3191 austrie
1629 3090 1768 3187 obit
1826 3091 2002 3188 Ernust
2022 3090 2075 3187 fi·
2147 3146 2156 3159 ·

555 3216 652 3325 lius
671 3215 778 3334 eius
814 3209 1039 3307 successit.
1100 3206 1278 3304 Chuno
1311 3204 1413 3303 dux
1435 3207 1651 3346 hawarie
1671 3126 1739 3304 as>
1775 3210 2075 3337 imperatore

559 3332 799 3461 expulsus.
841 3329 893 3423 in
954 3328 1175 3423 annonia
1197 3324 1313 3420 exul
1337 3338 1557 3421 moratur.
2040 3362 2069 3377 ’-

663 3451 747 3546 M.
758 3449 855 3571 lvij.
937 3447 1149 3541 einricus
1181 3445 1454 3570 imperator
1475 3443 1611 3567 obijt
1630 3442 1713 3567 iiij.
1731 3440 1907 3542 Nonas
1921 3444 2078 3542 Octo·

557 3572 671 3679 bris.
732 3568 993 3664 Heinricus
1017 3562 1143 3657 filius
1168 3564 1275 3657 eius
1297 3560 1527 3657 successit

562 3764 574 3781 .
669 3686 874 3807 M.lviij.
905 3683 1168 3779 Heinricus
1192 3692 1394 3805 quartus
1416 3677 1643 3809 regnauit
1664 3708 1824 3775 annos
1846 3678 1964 3775 xlix.
1996 3676 2077 3775 Vi·
2215 3712 2219 3723 ¹

560 3820 668 3909 ctor
698 3834 831 3932 papa
852 3802 986 3924 obijt
1029 3828 1129 3943 pro
1156 3827 1256 3924 quo
1278 3795 1576 3925 Stephanus
1616 3798 1716 3929 ¹qui
1738 3810 1791 3895 et
1813 3794 2077 3915 fridericus

561 3925 771 4054 eligitur.
829 3922 878 4019 A
911 3952 1001 4016 nes
1026 3916 1313 4043 imperatrix
1331 3915 1538 4043 suscepit
1562 3912 1795 4012 ducatum
1815 3915 2047 4011 bawarie.

563 4096 576 4153 5
678 4042 751 4138 M.
762 4040 861 4160 lxij.
955 4039 1165 4133 einricus
1197 4065 1289 4129 rex
1321 4031 1570 4160 separatus
1607 4030 1674 4127 est
1713 4059 1745 4127 a
1785 4048 1941 4127 matre
1982 4031 2078 4131 sua.

561 4191 694 4261 anno
719 4159 794 4281 vs.
810 4157 1086 4285 regnieius.
1118 4154 1262 4283 etatis
1273 4181 1407 4249 vero.
1419 4149 1496 4288 xj'.
1520 4150 1698 4277 Agnes
1720 4148 2007 4277 imperatrix
2026 4160 2079 4245 et

562 4270 1158 4420 Gunthariusepiscopus
1187 4267 1369 4400 predas
1383 4267 1677 4369 etmcendia
1692 4269 1748 4365 in
1767 4268 2078 4366 inuicemex·

559 4412 878 4613 agltalhlstflxii'.
908 4510 1172 4609 Heinricus
1202 4536 1293 4605 rex
1328 4506 1598 4603 exercitum
1620 4504 1781 4603 mouit
1813 4506 1867 4601 in
1887 4532 2079 4633 panno·

561 4638 696 4733 niam
719 4632 813 4731 etS
867 4623 1559 4756 omonemregemconstituit:
1579 4622 1908 4755 sederatisque
1922 4621 2079 4720 omni·

480 4750 483 4755 ’
564 4754 659 4856 bus
677 4776 790 4852 cum
814 4752 998 4849 summo
1019 4750 1213 4849 honore
1234 4746 1512 4865 reuertitur.
1800 4858 1861 4959 M
1886 4857 2004 4982 xliiii
