4742 6067
711 370 832 537 514'
1171 420 1227 507 n
1281 388 1686 508 cunoureon

652 652 787 765 ptus.
839 648 891 731 ct
919 628 1179 759 hoe-ligno
1211 647 1404 759 utamur
1432 630 1548 726 loco
1579 630 1769 845 ΓοὲΡῐῐί.
1811 644 1863 726 et
1892 626 2153 733 deosculata

652 785 816 851 cruce.
848 782 1021 849 omnes
1042 751 1302 877 principes.
1334 765 1436 843 tam
1457 748 1635 875 spiritu
1676 766 1729 845 'es
1754 776 1901 888 quam
1920 751 2153 850 seculares.

620 874 808 1089 {fram
837 900 1031 966 crucem
1061 870 1177 965 loco
1208 868 1384 994 sceptri
1416 866 1704 963 osculantes.
1747 868 2040 991 rccrpientes
2063 866 2153 965 feo·

694 989 821 1085 asrbi
838 986 1088 1085 fidelitatis
1110 989 1437 1083 iuramentum
1449 982 1772 1123 prestiterunt.
1802 982 2002 1124 Deinde
2017 986 2153 1125 ipsum

657 1136 827 1237 regem
857 1121 909 1201 ct
930 1136 1135 1207 uxorem
1164 1103 1296 1199 suam
1327 1118 1446 1244 aput
1470 1133 1610 1229 aqtus
1631 1132 1836 1316 {canum
1860 1118 2152 1201 rncontmcn·

657 1230 697 1323 ti
721 1238 1099 1335 coronauerunt.
1160 1222 1267 1349 lpse
1289 1242 1454 1317 ¹eciam
1484 1250 1574 1315 rex
1604 1252 1633 1313 a
1669 1222 1764 1315 hue
1788 1218 1995 1349 existens
2016 1222 2065 1315 in
2083 1252 2153 1361 pa-

651 1346 788 1443 lacio
810 1340 1018 1469 aquense
1050 1339 1113 1437 ad
1137 1338 1274 1466 quod
1304 1342 1404 1435 iam
1431 1336 1624 1465 pridem
1648 1340 1971 1434 intronizatus
1994 1366 2155 1465 aprm·

658 1462 849 1588 cipibus
879 1459 1054 1557 fuerat
1084 1456 1207 1556 duas
1238 1457 1362 1554 filias
1391 1457 1510 1553 suas.
1562 1488 1710 1552 unam
1742 1452 1947 1551 domino
1979 1454 2192 1553 Ludwi·

652 1612 722 1675 co
752 1580 923 1681 comiti
951 1576 1175 1705 palatino
1206 1574 1351 1671 Reni.
1410 1574 1635 1671 Alteram
1664 1574 1799 1669 D'uci
1827 1571 2043 1670 Saxonie
2072 1606 2154 1671 ma·

514 1717 518 1726 “
659 1697 1008 1795 trimonialiter
1039 1693 1337 1822 copulauit.·

652 1894 676 1921 ,.
741 1816 929 1920 ¹Anno
952 1827 1121 1909 autem
1148 1812 1332 1908 M⁰.cc⁰.
1345 1810 1530 1906 lxxiiii.
1563 1809 1627 1911 ad
1638 1812 1822 1908 curiam
1840 1810 1966 1905 noui
1984 1812 2157 1937 regisin
2294 1926 2295 1931 .

522 1986 525 1990 >
654 1934 700 2038 F
700 1928 1031 2027 ranchenfrirt.
1071 1931 1322 2070 principes
1354 1944 1644 2026 euocantur.
1714 1924 1908 2023 Eodem
1941 1958 2066 2021 anno
2093 1957 2156 2022 cc·
2294 1954 2296 2047 g

657 2049 877 2146 lebratur
904 2047 1172 2177 concihum
1215 2046 1447 2171 generale
1479 2062 1600 2172 aput
1628 2043 1926 2174 Lugdunum
1970 2069 2058 2173 per
2080 2042 2157 2140 do·

651 2168 846 2265 minum
886 2165 1184 2292 Gregorium
1222 2192 1406 2303 papam
1433 2182 1524 2258 xum·
1575 2166 1654 2259 cui
1684 2160 2016 2259 interfuerunt
2051 2161 2155 2289 plui·

641 2283 1130 2421 :quam-septingenti
1153 2282 1372 2409 eprscopi
1401 2295 1453 2376 et
1474 2278 1678 2379 abbates
1692 2296 1751 2379 et
1771 2278 2017 2411 prepositi
2040 2295 2155 2381 cete·

658 2432 799 2533 nque
830 2400 1140 2499 ecclesrarum
1168 2412 1391 2497 rectores
1421 2401 1474 2493 in
1504 2428 1710 2498 numero
1744 2431 1804 2495 co
1842 2398 1918 2493 ios
1953 2470 1967 2494 .

391 2496 395 2503 ¹
542 2622 556 2645 .
655 2609 660 2619 ,
777 2518 891 2615 Post
918 2518 1053 2616 idem
1082 2516 1350 2615 concilitun
1370 2515 1623 2643 predictus
1645 2530 1782 2653 papa
1853 2516 2072 2644 regorius
2092 2546 2154 2609 ac·

519 2703 523 2713 -
660 2636 792 2732 ceffit
820 2636 1098 2739 Losannam
1116 2633 1376 2731 dominum
1396 2632 1673 2731 Rudolsum
1693 2632 1974 2761 predictum
1992 2634 2156 2761 Regem
2291 2735 2294 2747 ¹

654 2752 875 2852 electum
915 2785 1008 2881 por
1037 2754 1294 2881 principes
1336 2750 1632 2848 Alamannie
1675 2753 1825 2879 ipsam
1879 2752 2155 2860 electionem

653 2872 983 2988 confirmauit,
1001 2873 1098 2994 (rra
1116 2893 1229 2973 totu
1261 2871 1434 2991 Coun.)
1476 2869 1559 2965 fibi
1587 2900 1775 2985 nomen
1805 2886 1856 2966 et
1887 2868 2154 3012 dignitatem
2294 2938 2296 2949 .

654 2990 849 3117 regiam
879 2988 1180 3089 ascribendo.
1237 3004 1287 3085 et
1311 2987 1533 3119 promisit
1561 2990 1715 3119 ipsum
1745 2988 1912 3119 postea
1938 3020 1998 3085 m
2025 2990 2153 3113 impe·
2294 3062 2296 3099 ,

558 3214 563 3221 ,
659 3123 881 3205 satorem
912 3109 1211 3204 consecrare

759 3225 1041 3322 ‘Millesrmo
1065 3228 1151 3320 cc⁰.
1168 3225 1326 3323 irnrvi.
1356 3222 1608 3351 predictus
1637 3222 1750 3319 Rex
1776 3221 2028 3320 Rudolfus
2056 3219 2154 3319 uaii·
2295 3250 2296 3265 ³

657 3340 785 3435 dum
825 3345 1099 3437 exercitum
1136 3372 1234 3436 con
1297 3372 1459 3467 egam.
1494 3344 1715 3437 intrauit
1767 3358 1950 3438 terrain
1993 3341 2155 3439 nostrie

655 3460 791 3555 circa
816 3456 1004 3568 *fcitum
1027 3459 1179 3553 .·beati
1234 3488 1235 3491 ‘
1284 3458 1566 3587 ychahclis.
1634 3462 1862 3555 euntibus
1912 3461 2071 3556 secum
2113 3459 2154 3550 iu

655 3578 882 3670 exercitu
910 3574 1214 3703 Mogontiuo
1235 3594 1300 3673 et
1330 3576 1594 3673 colonienii
1622 3578 1921 3705 archiepisco
1965 3582 2016 3675 's.
2061 3578 2154 3671 ber·
2294 3622 2296 3669 ÷

526 3711 529 3719 ’
656 3692 913 3819 bipolensi
934 3689 1295 3821 :Ratisponensu
1325 3694 1610 3803 Patauieni.
1649 3696 1902 3822 episeopis.
1980 3692 2157 3809 udwico·

655 3811 842 3905 comite
860 3810 1085 3937 palatino
1108 3812 1252 3909 Reni.
1307 3814 1550 3907 Heinrico
1573 3812 1698 3909 duce
1723 3812 1968 3912 Bawarie.
1996 3810 2153 3909 et'aliir

656 3926 828 4032 multia
859 3926 1110 4024 nobilibus
1142 3928 1205 4025 dc
1235 3930 1379 4027 Reno
1408 3930 1676 4026 franconia.
1717 3932 1914 4026 Sueuia'
1934 3949 1984 4029 et
2015 3928 2153 4027 bawa·

655 4047 746 4143 ria
779 4046 1003 4141 ciuitates
1029 4044 1218 4141 ibidem
1251 4064 1301 4144 et
1318 4048 1488 4155 ,castra
1520 4040 1567 4142 se
1599 4047 1929 4144 suodominio
1956 4042 2152 4147 strbdide·

661 4177 790 4299 rpnt.
815 4192 944 4257 <exce
982 4178 1034 4258 ta
1065 4166 1266 4260 ciuitate
1292 4167 1593 4269 Wiennense
1626 4190 1774 4309 quam
1800 4165 2046 4306 obfidio'ne
2070 4164 2152 4297 cip·

661 4293 747 4375 xrt.
766 4294 830 4374 -et
858 4311 925 4405 po
993 4283 1087 4377 hec
1116 4296 1275 4377 totam
1304 4298 1485 4378 terram
1507 4282 1694 4380 Austne
1726 4284 1928 4409 pacifice
1959 4276 2152 4415 possedit

454 4346 465 4372 ⁹
494 4459 496 4462 v
662 4412 905 4522 exceptu.
923 4398 1059 4526 quod
1080 4398 1294 4496 domino
1329 4401 1565 4497 Otakero
1596 4406 1656 4497 v”.
1689 4402 2024 4499 Bohemorum
2047 4422 2172 4519 rege.

504 4550 508 4561 ·
665 4531 778 4636 pars
808 4529 938 4612 terre
968 4520 1105 4615 trans
1118 4516 1397 4614 :danubium
1428 4520 1589 4615 uersus
1620 4522 1904 4647 aquilonem
1970 4552 2021 4616 er
2048 4512 2151 4611 arbi·

663 4636 810 4742 trium
841 4636 1077 4732 remansit.
1136 4634 1366 4731 Tandem
1435 4668 1486 4729 er
1517 4636 1642 4732 duos
1671 4668 1830 4735 annos
1862 4550 1991 4734 sciiio
2013 4628 2152 4763 predi·

503 4804 507 4811 ’
658 4765 749 4848 cto
780 4751 1233 4883 aruinioprefatus
1261 4752 1375 4859 Rex
1451 4756 1644 4855 oltemie
1685 4788 1793 4854 cum
1817 4755 2042 4884 predicto
2063 4749 2150 4844 iic·

1422 4952 1427 4959 .
1657 4962 1659 4966 ,
2050 4896 2103 4999 ge

1208 5028 1218 5038 x
