4742 6067
619 490 671 565 a
1052 464 1117 547 rc
1170 454 1581 586 cnnorucort
1618 483 1665 515 -·

558 610 682 775 liam
702 673 855 801 lancti
872 668 1115 801 Stephani
1136 667 1402 768 dedicauit
1459 667 1803 767 werinharius
1825 670 2084 799 argentine

572 794 705 893 mbis
738 790 998 935 episcopus
1033 818 1145 887 cum
1187 788 1461 917 alamannis
1493 802 1670 886 contra
1710 786 2085 929 burgundiones

570 924 813 1045 pugnauit
838 922 891 1004 et
908 909 1042 1003 urolt

396 1104 401 1115 .
563 1048 569 1063 ’
689 1026 762 1124 M.
774 1028 869 1151 xxj.
909 1023 1070 1165 Terre
1101 1036 1269 1122 motus
1297 1020 1461 1121 factm
1497 1020 1564 1121 est
1593 1052 1814 1153 magnus.
1852 1022 1937 1147 iiij.
1968 1018 2098 1169 Idus·
2199 1022 2204 1029 ’
2336 974 2362 1008 ’ᾗ

556 1176 653 1246 'rna
691 1144 858 1243 ‚feria
935 1160 974 1203 ¹¹·
2058 1210 2063 1218 ·

630 1178 764 1361 VM
775 1262 887 1385 xxij.
970 1260 1183 1358 einricus
1217 1289 1402 1380 nouam
1425 1260 1605 1357 troiam
1639 1258 1785 1387 cepit.
1827 1273 1884 1383 et
1908 1286 2088 1388 magna

573 1382 627 1481 in
650 1379 1176 1594 exercitubmortalitas
1198 1376 1334 1475 facta
1356 1375 1436 1477 ert
1492 1376 1805 1507 Horthgerus
1835 1373 2089 1505 (Nocgaens)

574 1502 701 1597 ma'
769 1528 858 1595 ro
894 1501 961 1595 i‘t.

570 1634 625 1741 '..
655 1498 924 1713 grffiefflfig
954 1614 1219 1711 Heinricus
1249 1615 1533 1741 imperator
1561 1612 1624 1734 iij.
1657 1610 1774 1710 Idus
1808 1612 1917 1737 Iulij
1952 1610 2090 1751 obiit

577 1738 701 1833 etin
722 1650 1107 1862 babendergenlr
1128 1732 1414 1864 episcopato
1440 1762 1472 1827 a
1493 1729 1542 1827 le
1564 1728 1699 1857 facto
1725 1734 1778 1827 in
1796 1728 2089 1827 monasterio

565 1847 726 1971 lancti
788 1856 881 1949 etri
904 1852 951 1951 ie
990 1850 1155 1985 cliton·
1644 1951 1648 1959 ,
2172 1875 2176 1884 ’

692 1885 891 2089 mlxxv,
993 1966 1176 2065 nradus
1190 1969 1459 2095 imperator
1471 1998 1603 2095 pene
1615 1998 1788 2065 annos.
1800 1999 1880 2064 xv.
1901 1981 2092 2093 regnat.

511 2098 515 2105 ’
567 2084 764 2218 Magna
785 2085 1002 2185 dillenlio
1026 2087 1078 2181 in
1099 2116 1257 2215 regno
1281 2101 1454 2181 contra
1478 2084 1748 2181 ccinradum
1772 2083 1992 2182 efficitur.
2024 2104 2030 2111 ·
2073 2195 2078 2201 ,

674 2202 768 2301 M.
779 2207 907 2329 xxvj.
939 2200 1299 2301 Cninradusrex
1317 2202 1618 2299 filiumiuum
1628 2204 1903 2299 heinricum
1920 2232 1975 2301 re
2041 2232 2092 2299 m

570 2318 711 2420 fecit.
754 2338 805 2418 et
831 2322 932 2451 ipie
956 2350 1144 2418 romam
1170 2322 1377 2417 ueniens
1399 2322 1468 2417 im
1534 2336 1670 2417 rator
1692 2321 1910 2434 efficitur
1963 2410 1966 2415 .

575 2471 646 2540 no
673 2438 1008 2569 augustenlrse
1045 2438 1254 2565 isco'pus.
1283 2454 1337 2539 et
1354 2440 1454 2538 We
1496 2470 1529 2535 o
1553 2469 1725 2539 comes
1743 2436 1925 2569 predas
1946 2456 2000 2537 et
2019 2440 2095 2556 iu·

569 2556 761 2655 'cendia'
778 2558 909 2655 inter
931 2558 979 2654 le
1005 2470 1210 2655 idciunt

569 2790 572 2799 .
692 2675 767 2775 M·
779 2678 942 2799 xxviii
971 2673 1146 2771 Ernuii
1178 2672 1281 2770 dux
1314 2687 1365 2768 et
1383 2671 1535 2770 Welf
1560 2704 1730 2773 comes
1762 2672 1982 2773 edmado
2004 2676 2095 2772 im·

579 2792 800 2923 peratori
822 2790 887 2886 ad
909 2790 1224 2887 dedicionem
1249 2792 1472 2885 ueniunt.

571 2948 580 2965 ·
678 2908 770 3003 M.
778 2931 961 3029 rouvre).
983 2903 1240 3002 Crinradus
1253 2910 1521 3035 imperator
1532 2911 1750 3123 ferrexit
1760 2912 1811 3032 in
1823 2911 2093 3041 poloniam.

698 3024 895 3121 M.x‘xx.
926 3022 1182 3121 conradus
1206 3024 1584 3153 imperatorSe
1622 3026 1806 3123 honum
1839 3030 2094 3157 pannonie

571 3142 751 3272 Lregem
775 3174 885 3237 cum
907 3145 1125 3241 exercitu
1143 3144 1286 3269 petit
1344 3142 1543 3239 Interea
1607 3144 1736 3240 rnust
1757 3144 1880 3242 dure·
1900 3162 1953 3241 et
1974 3149 2094 3241 We·

570 3257 1052 3475 ΙἷὶεηΙιὸεὲἀέιέῙῃοὲἘὲεε
1084 3260 1137 3355 in
1157 3259 1435 3358 alamannia
1470 3261 1778 3363 occiduntur.
1805 3266 1900 3389 xvj.
1921 3262 2096 3441 kalen:
2263 3282 2267 3288 '

619 3410 673 3474 as
699 3410 909 3619 M.pxxxj;
939 3452 1222 3624 Stephanus
1239 3527 1330 3591 rex
1351 3498 1605 3627 pannonio
1628 3496 1773 3597 millis
1791 3488 2095 3630 legatlscum

575 3610 877 3739 imperatore
902 3612 1120 3710 cunrado
1181 3612 1429 3711 aciiicatus
1452 3614 1529 3711 en

698 3728 770 3825 M.
781 3734 928 3855 xxxij.
957 3730 1108 3829 Rudo
1227 3764 1316 3829 rex
1330 3730 1605 3865 burgundie
1619 3736 1836 3831 moriens
1847 3728 2096 3867 dyadema

583 3848 730 3945 ictum.
792 3846 1023 3946 Cunra'do
1049 3849 1338 3979 imperatori
1360 3852 1606 3949 commilit.
1944 3870 1951 3879 '
2074 3881 2079 3916 ²

758 3964 830 4060 M.
840 3970 1002 4087 xxxiii.
1057 3966 1319 4065 Cdnradus
1360 3969 1542 4097 hyeme
1589 3970 1682 4065 bur
1748 3968 1917 4069 ndiam
1961 3969 2092 4097 petit

576 4080 801 4211 Eclypfis
815 4082 928 4180 solis
947 4083 1078 4182 fecta
1101 4086 1177 4183 eii.
1207 4086 1269 4207 iij.
1290 4084 1531 4182 kalendas
1550 4086 1659 4210 Iulij
1716 4123 1803 4187 ora
1825 4093 1967 4217 quali.
1989 4089 2089 4209 ij

577 4196 840 4333 cunradus
863 4200 1224 4345 occidentalem
1243 4200 1481 4299 franciam
1505 4222 1678 4309 contra
1701 4209 1944 4306 Ottonem
1957 4212 2097 4340 petit.

635 4380 640 4389 -
700 4315 772 4411 M.
782 4338 894 4415 xxv.
926 4317 1181 4417 Cunradus
1207 4337 1326 4416 rtem
1348 4319 1673 4450 burgundiam
1699 4326 1858 4423 uallet
1909 4330 2098 4456 Pagani

583 4432 783 4571 saxonie
819 4437 1031 4533 confinia
1064 4454 1255 4567 petunt.
1276 4450 1302 4508 “-
1324 4438 1516 4567 Pagani
1544 4446 1630 4569 qui
1661 4442 1819 4539 liutici
1855 4444 2101 4543 dicuntur.

578 4548 826 4647 vrrblnam
848 4552 1097 4651 ⁴castellum
1130 4559 1182 4651 in
1215 4556 1430 4652 confinio
1451 4558 1654 4655 saxonie
1688 4562 1856 4659 multis
1891 4562 2101 4660 cluiiiia·
2159 4589 2167 4601 ’

584 4668 662 4761 nis
687 4668 853 4765 occifis
878 4687 929 4767 et
950 4677 1107 4801 captis
1131 4675 1373 4773 obtinent
1404 4706 1535 4803 quos
1564 4677 1807 4776 cinradus
1830 4683 2101 4808 imperator

587 4814 699 4879 cum
724 4792 942 4886 exercitu
964 4792 1107 4920 petit

1619 4914 2104 5043 Mmu
