4742 6067
489 434 540 529 Γ
590 478 665 571 3⁶9.
978 478 984 485 ·
1029 396 1757 569 1r··c'i1'aqa100szs.·:·;

540 670 792 780 horribilis
816 676 869 766 e't
898 666 1146 767 inaudita
1175 668 1349 765 innalrt
1376 682 1556 766 terram
1677 664 1862 795 ariefat
1918 674 2088 781 lares.

537 794 794 927 perierunt
822 786 953 885 fama
987 817 1136 929 quarn
1155 800 1304 885 antea
1324 818 1354 882 a
1376 790 1593 916 paganis.
1648 790 1816 886 *anes
1840 820 1867 887 e
1904 790 2067 891 ebant'·

538 927 594 1008 et
622 922 783 1005 cattos
815 920 867 1002 et
894 905 1124 1002 hommes
1154 904 1369 1000 humana
1392 935 1506 1027 caro
1524 904 1723 1033 publice
1746 906 2087 1038 uendebaturf-

539 1032 595 1125 in
622 1021 871 1121 mmdinis.
929 1018 1138 1151 Deinde.
1163 1020 1271 1151 lupi
1300 1052 1504 1151 rapaces
1534 1037 1586 1118 et
1606 1022 1763 1141 infesti
1795 1042 1847 1121 et
1867 1030 2069 1139 nemini·

535 1148 814 1275 parcentes.
853 1139 1211 1267 preualuerunt
1241 1140 1295 1233 in
1326 1153 1470 1235 terra.
1510 1139 1737 1266 itaqnod
1768 1145 1853 1238 uix
1877 1140 2068 1271 aliquis·

539 1258 749 1358 auderet
777 1256 841 1355 de
881 1256 1034 1353 domo
1064 1256 1148 1349 sua
1189 1282 1295 1351 non
1324 1256 1471 1351 armis·
1499 1256 1740 1382 (amaras)
1767 1260 2063 1389 procedere,

539 1374 724 1476 deinde
754 1372 939 1472 locusta
967 1371 1022 1469 id
1068 1368 1206 1500 quod
1228 1372 1521 1467 'seminatum
1563 1370 1657 1469 fuit
1696 1378 1911 1475 corrosit.
1995 1379 2061 1474 In·

255 1612 260 1617 ⁸
538 1491 823 1624 quindecim
854 1489 1002 1588 dietis
1035 1492 1089 1587 in
1130 1486 1457 1621 longitudine.
1510 1505 1561 1587 et
1604 1488 1866 1619 satiandinc
1898 1492 2060 1613 h'omo'
2243 1553 2251 1565 ·

374 1664 377 1670 ,
539 1642 646 1709 non
665 1608 1012 1707 inueniebatur
1033 1609 1091 1702 in
1114 1624 1272 1749 regno
1304 1606 1469 1719 illa-ga
1490 1610 1747 1707 natiuitate
1771 1611 1929 1727 chrilli
1950 1636 2055 1735 non

355 1798 359 1809 -
540 1726 608 1825 est
625 1742 766 1824 tanta
789 1726 938 1853 plaga
958 1738 1010 1820 et
1031 1724 1225 1849 misena
1244 1724 1344 1821 uisa
1367 1738 1419 1819 et
1440 1722 1607 1821 audita
1628 1726 1872 1853 inaliquo
1895 1748 2057 1858 regno

24 1940 29 1947 .
117 1879 124 1893 ⁸
251 1956 256 1968 ¹
362 1892 384 1935 ·.
538 1846 657 1941 licut
689 1847 741 1939 in
771 1844 977 1971 vngaria
1006 1856 1213 1968 propter
1243 1856 1447 1969 peccata
1469 1870 1654 1939 comm.
1675 1884 1691 1943 γ
1725 1846 1792 1937 ln
1822 1846 1970 1973 plaga
2002 1861 2074 1975 et?

535 1962 645 2091 post
674 1962 876 2173 Elagam
903 1958 1031 2084 tales
1063 1974 1208 2053 erant
1236 1948 1409 2085 quales
1431 1973 1546 2053 ante
1571 1957 1784 2073 inerunt.
1857 1960 2063 2081 Interea.

340 2050 344 2058 ’
466 2095 469 2102 “
536 2078 678 2177 acclc
712 2097 977 2173 aromana
1005 2074 1242 2203 pontifice
1274 2073 1484 2171 carebat.
1517 2092 1568 2171 et
1592 2076 1824 2174 dominus
1845 2072 2062 2206 impera-L

535 2212 626 2293 'tnr-
650 2196 877 2291 ciuitates
900 2206 956 2289 et
974 2190 1168 2289 castella
1196 2212 1401 2288 romane
1434 2192 1630 2289 ecclesie
1662 2194 1966 2321 subiugabat'
2002 2212 2069 2315 et¹

202 2318 209 2327 '
365 2372 370 2385 .
536 2315 691 2416 ceteri
719 2308 943 2408 redditus
975 2308 1085 2406 eius
1112 2308 1196 2403 libi
1223 2308 1466 2435 parebant
1505 2308 1589 2405 led
1629 2342 1733 2407 non
1769 2312 1891 2408 du'rn·
1921 2318 2053 2410 enim

534 2425 835 2559 longobardi
859 2428 907 2522 ei
927 2417 1131 2522 subiecti
1155 2441 1320 2521 erant*
1365 2426 1623 2523 'Dominus
1639 2418 1870 2556 Eglolfus
1900 2431 2058 2530 abbas

66 2493 70 2506 Ι
244 2521 254 2534 ’
413 2607 418 2617 1
534 2548 701 2644 sancte
732 2544 902 2641 Crucis
933 2541 1069 2665 obijt.
1111 2557 1163 2639 et
1184 2540 1428 2637 -dominus
1456 2542 1732 2672 Pilgn‘rnus
1749 2546 2060 2645 substituier

534 2662 819 2763 Friden‘cus
841 2660 942 2757 dux
962 2658 1136 2757 austrie
1158 2676 1211 2756 ct
1232 2657 1376 2787 styrie
1398 2688 1509 2755 curn
1524 2688 1707 2787 magno
1727 2666 1948 2759 exercitu
1971 2674 2067 2783 oci'

537 2784 689 2879 currit
715 2778 823 2908 regi
850 2779 1069 2907 vagaris.
1115 2774 1251 2904 apud
1281 2776 1438 2905 lyram
1476 2777 1642 2903 ibique
1672 2776 1913 2905 pacificati
1941 2782 2058 2877 sunt

353 2962 357 2969 -
536 2900 635 2997 fine
667 2927 763 2993 con
823 2895 1021 2990 ellione.
1077 2892 1303 3033 Moxque
1328 2922 1438 2989 curn
1462 2893 1640 2993 eodem
1664 2899 1882 2993 exercitu
1901 2898 2056 2993 trans·

444 3014 448 3045 ¹
535 3017 629 3113 iuit
652 3012 784 3110 danu
818 3015 935 3133 ium.
976 3026 1029 3107 et
1049 3013 1252 3106 intraurt
1270 3009 1395 3106 lines
1423 3015 1655 3108 morauie.
1686 3013 1944 3139 statimque
1961 3044 2052 3110 rex
2076 3115 2078 3125 ,

535 3128 782 3231 Bohemie
806 3160 869 3228 eo
891 3128 1139 3256 insperato
1163 3130 1376 3224 occurrit
1399 3158 1508 3226 cum
1532 3128 1849 3226 multitudine
1860 3154 2055 3271 magna.

536 3280 639 3380 qno
666 3248 772 3344 dux
801 3260 1062 3373 comperto
1088 3242 1255 3391 fugam
1285 3246 1394 3393 inijt
1423 3259 1476 3343 et
1504 3244 1733 3376 dylaplus
1758 3246 1845 3357 eil.-
1865 3278 2064 3389 exercrf-
2225 3313 2230 3321 -
2297 3186 2303 3195 ι

531 3382 617 3465 tus
649 3367 756 3461 eins
787 3359 1053 3505 abipfos
1927 3430 1931 3435 -
2042 3430 2055 3463 .-

572 3514 576 3523 ·
652 3482 782 3579 Mcc.
790 3482 925 3604 xliiiJ.
953 3480 1221 3576 Heinricus
1239 3508 1329 3576 rex
1349 3503 1673 3577 romanorum
1686 3481 1740 3577 in
1763 3482 2053 3610 captiuitate

525 3601 693 3730 patris
720 3600 790 3695 lui
818 3603 872 3694 in
902 3596 1072 3726 apulia
1096 3597 1240 3718 obijt.
1264 3597 1454 3692 relictis
1485 3596 1679 3695 duobus
1713 3598 1836 3721 filijs.
1895 3600 2049 3697 Multi

534 3720 694 3847 princi
732 3748 788 3813 cs
805 3716 1083 3814 alamannie
1117 3714 1452 3842 opposuerunt
1483 3714 1531 3809 le
1561 3716 1847 3846 imperatori
1872 3732 1924 3813 et
1944 3714 2050 3815 filio
2127 3720 2131 3731 '

530 3837 644 3932 eius
709 3833 899 3931 unrado
927 3835 1035 3963 regi
1061 3852 1379 3931 romanorum
1409 3848 1615 3961 propter
1658 3836 2051 3933 excommunica·

536 3954 733 4048 cionem
763 3953 814 4044 in
845 3982 943 4077 qua
973 3955 1070 4046 iarn
1099 3946 1185 4045 diu
1208 3947 1484 4056 durauerat.
1542 3948 1819 4049 Fridericus
1841 3948 2052 4068 duxau'q
2072 4027 2087 4068 „

532 4064 643 4163 ltrie
667 4083 719 4163 et
740 4068 885 4196 styrie
912 4096 1119 4162 uxorem
1148 4066 1281 4161 luam
1312 4064 1462 4161 liliam
1491 4060 1633 4163 ducis
1661 4066 1723 4163 de
1747 4068 1940 4167 Meran.
1970 4082 2061 4163 rav

436 4244 441 4253 ·
571 4179 761 4281 udiauit
781 4213 947 4284 coram
966 4180 1258 4279 Eberhardo
1279 4183 1852 4328 episcopolalzpurgenlr.
1884 4200 1935 4283 et
1945 4189 2049 4329 epi·

532 4216 686 4429 lcopo
715 4299 956 4431 Rudgero·
982 4300 1263 4428 parauienli.
1317 4316 1372 4402 et
1393 4330 1559 4397 coram
1591 4304 1757 4399 multrs
1794 4304 1899 4427 alijs
1928 4306 2050 4401 vnis

380 4452 393 4471 ‘¹
533 4418 768 4519 litteratis
790 4434 841 4517 et
864 4416 1130 4515 illitteratis
1199 4416 1526 4517 Innocencius
1585 4440 1692 4547 apa.
1715 4454 1795 4562 mp
1818 4420 2049 4551 pontifex

537 4532 792 4632 ordinatur
814 4537 976 4633 sancte
996 4564 1201 4633 romane
1224 4536 1435 4633 ecclelia.
1556 4537 1658 4633 ulte
1684 4542 1908 4657 ciuitates
1930 4542 2047 4669 igne

536 4648 802 4757 domestico
833 4655 1117 4781 consumpte
1147 4654 1257 4748 lunt
1285 4667 1490 4783 propter
1517 4653 1776 4777 siccitatem
1810 4671 1861 4752 et
1882 4654 2048 4753 sterili·

535 4782 691 4886 tatem
722 4800 818 4911 quc
853 4771 951 4885 hoc
982 4798 1115 4879 anno
1140 4770 1466 4907 inhormerau
1533 4772 1669 4875 Duci
1699 4772 1867 4877 austrie
1884 4784 2071 4993 derant

600 4943 604 4947 ’
1777 4994 1778 4997 ,
1920 4920 1996 4995 UO
