4742 6067
598 507 602 515 .
646 435 1041 524 cunomcou
1099 374 1413 532 narrum.
1493 416 1510 435 ‘

142 734 145 743 .
282 648 541 775 Principes
561 647 795 745 venecias
817 646 1009 745 causam
1038 649 1086 743 le
1117 646 1313 749 dedille.

283 764 584 865 Scandalum
609 764 849 861 confellus
881 766 947 860 est
967 768 1078 862 etse
1103 765 1369 896 deliquisse.

283 887 342 981 ln
363 898 569 981 matrem
593 883 855 979 ecclefiam.
885 914 1018 1099 papa
1037 902 1314 981 reuocatur.

108 1082 113 1089 ,
283 1002 601 1127 Omnisquec
639 1001 864 1096 smaticus
894 1034 961 1127 pu
998 1002 1094 1097 lice
1127 1001 1434 1135 dampnatur.

281 1118 449 1217 Pastor
480 1120 590 1244 aqu’
616 1120 724 1245 egie
755 1119 921 1245 palam
942 1119 1219 1217 confitetur.

281 1236 489 1335 Salzbur
521 1266 562 1331 a.
591 1239 868 1363 mogoncia
901 1241 1062 1364 quiuis
1091 1256 1361 1337 reueretur.
1413 1289 1415 1301 ·

228 1434 235 1442 .
283 1355 478 1451 Alexan
542 1384 622 1451 um
650 1355 871 1449 tercium.
903 1358 1067 1484 cylma
1098 1356 1454 1485 complanatur.

282 1474 394 1569 Hoc
416 1489 580 1599 pacto
609 1467 756 1612 quod·
777 1472 985 1569 clericus
1008 1475 1210 1600 quilque
1236 1474 1536 1605 deponatur.

285 1590 558 1685 Ordinatus
580 1591 794 1685 scismate
816 1622 1045 1718 papaque
1073 1590 1133 1684 fic
1156 1590 1301 1691 fatur.
1385 1708 1389 1715 ⁵

284 1706 409 1805 Cum
432 1710 645 1805 occurrit
667 1705 880 1804 inclitus.
913 1723 967 1805 et
993 1708 1293 1807 humiliatur.

1677 476 1758 555 155
1776 480 1779 487 ’

343 1882 400 2023 P
401 1940 510 2038 Ede
540 1957 750 2071 tangens
779 1942 1016 2040 humeros
1048 1943 1223 2039 cesaris
1255 1942 1534 2045 ambulabo.
1646 1982 1653 1989 ·
1688 2040 1690 2043 ,
1739 1970 1759 1985 ’·

100 2140 105 2145 .
282 2060 445 2185 Super
468 2061 745 2156 balililcum.
775 2059 1004 2200 aspidem.
1034 2062 1238 2156 leonem
1270 2063 1491 2159 calcabo

283 2176 403 2274 Non
424 2178 515 2274 tibi
537 2177 621 2274 sed
646 2180 854 2303 imperio
886 2209 1038 2305 parco
1073 2178 1206 2274 cesar
1236 2180 1382 2275 clare.
1412 2274 1415 2281 ,

13 2353 14 2362 ¹
191 2369 196 2378 .
284 2296 390 2416 Hijs
420 2294 584 2390 verbis
605 2308 748 2419 parat
775 2294 912 2389 illico
944 2296 1004 2388 fic
1025 2296 1308 2421 responsum
1338 2295 1471 2393 dare.

284 2410 333 2508 N
336 2442 394 2506 ec
419 2410 510 2510 tibi
536 2408 720 2506 obedio
745 2409 830 2504 led
851 2426 999 2536 petro
1028 2408 1325 2507 reuerendo.

284 2528 405 2625 Siste
466 2524 611 2623 edem
631 2525 806 2623 stemus
828 2527 963 2622 simul
984 2528 1077 2622 tibi
1106 2525 1393 2623 metuendo.
1550 2508 1554 2515 ’

286 2646 401 2743 Obe
439 2677 535 2741 ram
561 2643 677 2739 dum
702 2646 874 2741 uixero
901 2642 1052 2740 credo
1076 2644 1416 2771 prophanalle.

214 2822 220 2838 ·
287 2762 516 2860 Creando
538 2760 827 2892 pontifices,
858 2763 944 2891 qui
969 2764 1279 2857 interierunt.
1417 2767 1420 2784 ¹

286 2881 354 2976 Et
372 2880 756 3003 lamentabiliter
779 2877 928 2974 linem
951 2878 1276 3007 fignauerunt.
1440 2905 1445 2915 ’

286 2995 519 3092 Tandem
539 2998 704 3093 scisma
725 2996 891 3095 taliter
913 2999 1007 3092 rite
1030 3026 1142 3092 com
1178 2996 1388 3094 lanatur.

289 3114 547 3243 Principes
568 3116 876 3210 conueniunt
896 3128 948 3208 et
971 3144 1072 3239 pax
1092 3033 1400 3209 inl‘brmatur.

291 3232 606 3334 Gwerrarum
626 3231 904 3327 turbinibus
930 3227 1171 3357 cladeque
1198 3230 1460 3327 constante.

289 3350 386 3444 Pre
408 3353 584 3445 timore
608 3350 781 3445 cesaris
805 3346 992 3445 mundo
1013 3348 1274 3447 titubante.
1327 3442 1329 3449 ,

291 3466 498 3562 Cilmate
521 3465 765 3561 durillimo
787 3466 902 3560 huic
925 3466 1204 3563 insultante.

290 3584 460 3711 Digne
487 3585 767 3710 penitentia
788 3616 920 3711 papa
942 3597 1237 3709 acceptante

291 3702 391 3795 Iter
412 3701 740 3799 ierosolimam
765 3701 954 3795 cunctis
977 3729 1065 3826 pre
1104 3716 1281 3795 aratur.

185 3845 190 3855 ·
291 3819 564 3943 Imperator
593 3820 833 3913 maximus
864 3815 923 3910 fic
948 3847 1044 3911 con
1068 3815 1317 3911 ederetur.

291 3934 524 4029 Deuotus
546 3934 745 4029 eccle'lie
769 3936 839 4031 ad·
852 3935 947 4030 iter
971 3945 1199 4029 armatur.

293 4052 504 4179 Vngaris
530 4066 580 4146 et
603 4050 827 4179 bulgaris
898 4053 999 4146 ecis
1021 4054 1088 4145 im
1126 4062 1349 4177 ugnatur.

291 4170 360 4265 Et
381 4201 410 4262 a
431 4170 620 4295 parthis
645 4168 813 4264 denuo
864 4166 928 4262 ed
948 4199 1054 4264 non
1097 4181 1341 4294 operatur.
1378 4198 1383 4215 ·

289 4284 495 4381 Infestus
524 4286 660 4380 mille
685 4286 864 4381 artifex
889 4300 1062 4379 contra
1087 4317 1202 4379 eum
1225 4281 1380 4411 datur.

292 4402 490 4497 Potitus
512 4403 727 4498 uictoris
753 4434 897 4497 amne
922 4401 1181 4497 balniatur.
1259 4421 1262 4429 ’

291 4520 360 4613 Et
380 4535 576 4615 carecto
600 4436 812 4646 pedibus
842 4523 1023 4615 herens
1045 4519 1317 4614 suffocatur.

292 4634 409 4731 Flet
430 4634 571 4732 dolet
593 4638 791 4734 ecclelia
812 4655 914 4734 tam
934 4637 1217 4732 uictoriolo-

109 4830 113 4838 -
294 4750 361 4853 Se
379 4756 623 4883 priuatam
645 4758 885 4885 principe.
913 4786 1030 4851 nam
1049 4757 1098 4850 le
1128 4750 1357 4886 glorioso,

1628 4868 1757 4964 Fine
