4742 6067
393 408 400 420 ’
549 376 644 554 '⁴⁸4'
1046 453 1111 537 ιι
1162 398 1568 541 ennonxccn
1723 388 1756 488 ·'
1808 446 1813 455 ·

426 728 437 758 ,ι
536 675 625 758 tan
646 651 846 755 nomine
862 654 925 753 ad
935 687 1104 786 regem
1114 656 1317 785 vngarie
1338 672 1572 787 rogantes
1595 674 1651 755 vt
1660 656 1931 765 collocaret
1950 695 2042 763 eoa

537 782 730 874 interra
745 778 838 893 sua.
861 775 1136 901 [imulantes
1148 775 1197 871 se
1211 775 1315 871 fieri
1336 775 1630 873 christianos.
1652 778 1737 903 qui
1746 776 1811 873 ad
1823 780 2042 909 sugestio-
2124 831 2131 837 ·

265 996 268 1001 ,
532 922 653 991 nem
674 892 1037 1020 predicatorum
1058 892 1155 989 fine
1178 892 1377 993 confilio
1399 896 1674 1021 principum
1695 895 1888 991 suorum
1908 899 2042 993 susci·

180 1024 200 1065 ‘
447 1104 451 1109 ,
535 1012 681 1139 p1ens
712 1041 814 1107 eos.
845 1010 945 1107 heu
974 1010 1106 1107 malo
1137 1011 1222 1105 suo
1247 1009 1442 1119 ¹sinebat.
1471 1011 1694 1111 habitare
1715 1012 1878 1111 secum
1900 1015 2042 1111 atilli

536 1126 779 1256 paulatim
806 1126 1089 1225 crescebant
1128 1143 1182 1225 et
1204 1128 1663 1267 ‘multiplicabantur
1703 1130 1845 1259 supra
1873 1161 2042 1229 nume-

522 1272 657 1342 num.

349 1428 355 1437 .
521 1375 535 1448 ἵ
650 1358 893 1484 Mc'e.,xlij.
924 1358 1196 1491 Gregorius
1210 1362 1494 1502 papaobijt.
1554 1364 1884 1463 Innocencius
1905 1363 2042 1493 eligi·

532 1492 625 1575 tur.
685 1478 1059 1584 Cholomannus
1087 1492 1177 1577 rex
1198 1485 1399 1611 vngarie
1424 1482 1559 1609 obijt.
1618 1477 1848 1610 Eglolfus
1878 1480 2041 1577 sancte

524 1598 688 1691 ,crucis
708 1596 860 1731 abbas
882 1596 1016 1719 obija
1073 1600 1184 1741 Ipso
1203 1628 1352 1697 anno.
1382 1596 1549 1695 Idibus
1570 1596 1770 1728 Augusti
1792 1596 2043 1693 claustrum

174 1782 179 1789 -
236 1721 269 1760 '‘
319 1763 322 1769 ·
441 1779 459 1827 .·
528 1710 583 1807 in
603 1711 910 1845 Neunburch
940 1720 1195 1846 propnoi
1265 1717 1666 1843 ecnnsumptum
1699 1714 1776 1813 eii
1836 1714 2044 1809 Comani

525 1858 657 2042 fiens
680 1829 957 1955 supradicta
977 1848 1029 1927 et
1048 1833 1178 1929 male
1219 1838 1314 1949 'eta
1335 1835 1538 1929 intrauit
1557 1832 1680 1928 fines
1701 1832 1904 1970 vnganie
1927 1832 2044 1925 etin

566 1978 613 2041 1e
633 1948 798 2044 sancto
886 1949 997 2043 sche
1018 1950 1179 2046 intrab
1212 1965 1268 2045 nt
1288 1952 1537 2047 ciuitatem
1556 1948 1752 2045 Rodnaa
1781 1948 1878 2045 1llis
1892 1943 2044 2041 eden*

263 2143 267 2151 1
452 2158 458 2164 .
523 2063 662 2164 tibus
688 2064 809 2160 etbi
833 2066 1042 2163 'entibus
1066 2084 1117 2165 ct
1131 2068 1217 2167 ‚sec
1250 2098 1306 2163 re
1327 2064 1670 2167 habitantibus.
1689 2062 2046 2162 interfecerunt

202 2237 206 2246 ‚
356 2211 359 2217 ’
532 2210 708 2277 omnes
730 2181 985 2310 religiosos
1007 2214 1118 2279 cum
1142 2185 1370 2299 omnibus
1404 2181 1501 2279 deo
1525 2178 1596 2279 ibi
1616 2180 1950 2278 seruientibus.
1994 2192 2046 2283 et

526 2298 827 2424 itreligiosos
844 2302 1055 2405 iuuenes
1079 2304 1154 2396 uir
1190 2304 1200 2324 '
1242 2333 1294 2396 es
1329 2302 1468 2395 senes
1498 2330 1612 2395 cum
1643 2296 1929 2395 iunioribus.
1959 2324 2045 2389 ne·

528 2415 949 2552 niniparc'entes.
1007 2328 1238 2517 Deinisse1¹
1234 2416 1633 2513 diffundebantur
1643 2444 1735 2541 per
1754 2428 1911 2530 totam
1933 2442 2046 2551 pro·

534 2559 747 2625 umenam
770 2531 907 2626 illam
929 2532 1046 2627 ficut
1065 2535 1261 2631 locuste.
1292 2534 1573 2663 sanguinem
1596 2532 1862 2627 humanum
1883 2528 2060 2666 fic1en··

531 2660 610 2742 tes
643 2660 695 2746 et
709 2697 712 2704 ,
725 2644 1036 2744 effundentes
1053 2650 1222 2747 'uelud
1258 2682 1287 2745 a
1322 2681 1447 2771 uam.
1488 2646 1768 2744 ciuitatibus
1797 2660 1854 2743 et
1887 2643 2047 2764 castus

463 2818 468 2825 ·
529 2762 710 2858 euersas
746 2777 799 2859 et
832 2764 974 2892 super
1007 2771 1175 2863 omnia
1216 2798 1301 2863 ern
1339 2766 1463 2861 elius
1498 2767 1742 2861 seuientes
1782 2794 1837 2859 re
1872 2794 1900 2859 e
1935 2773 2046 2857 cum

368 2954 372 2963 .
500 2908 687 2974 ‘vxore
710 2893 763 2975 et
785 2878 892 2976 fili's
907 2906 911 2909 ’
926 2884 1073 3010 usque
1100 2884 1166 2979 ad
1197 2884 1371 2994 horam
1394 2886 1540 2979 maris
1575 2878 1793 3009 expulso.
1838 2791 1933 2976 illi
1962 2879 2049 3005 qui

533 3024 656 3091 uero
678 2998 815 3121 prius
906 2998 1065 3093 bitere
1096 3014 1338 3129 ceperunt
1360 3002 1412 3097 in
1442 3013 1575 3109 terra
1604 3000 1967 3093 coniunxerunt
1996 2996 2044 3089 se
2203 3086 2206 3093 .

530 3112 627 3207 suis
649 3126 701 3207 et
720 3111 852 3231 facta
872 3114 937 3209 est
957 3115 1101 3212 turba
1119 3115 1493 3213 innumerabilis
1512 3146 1722 3242 quorum
1734 3144 1824 3207 rex
1843 3114 2045 3207 nomine

535 3226 707 3327 Gutan
729 3231 776 3326 se
798 3232 815 3323 i
852 3231 953 3325 sum
972 3232 1236 3329 interfecit
1276 3234 1413 3361 prius
1441 3230 1720 3333 ‚interiectis
1755 3229 1946 3325 duabus
1969 3258 2044 3323 re·

531 3347 672 3474 ginis.
694 3262 884 3468 etaiijs
915 3350 1000 3473 qui
1031 3350 1193 3445 fecum
1224 3352 1276 3445 in
1310 3349 1463 3445 domo
1498 3360 1837 3445 conuenerant
1867 3376 1956 3471 pte
1986 3345 2045 3439 ti·

531 3487 671 3567 more
716 3461 865 3573 ducis,
900 3464 1085 3562 austrie.
1180 3469 1233 3561 ui
1273 3465 1473 3560 domvm
1513 3465 1649 3560 illam
1680 3467 1816 3605 impu
1849 3461 2048 3555 nabent·

531 3562 645 3715 Rex
678 3594 842 3687 autem
878 3583 1078 3709 vngarie
1116 3499 1330 3677 cillecta
1363 3584 1416 3679 in
1438 3611 1589 3675 unum
1612 3493 1933 3719 mulutngine
1965 3608 2046 3672 eo·

570 3696 682 3790 msa.
713 3711 768 3791 ut
797 3694 1067 3797 dicebatur.
1098 3728 1138 3794 ca
1168 3697 1366 3793 milibus
1398 3700 1610 3795 occurrit
1638 3697 1737 3793 illis
1768 3726 1897 3791 enea
1925 3692 2048 3790 Pest.

529 3727 637 3916 fiiis
672 3811 742 3908 ibi
772 3815 826 3907 in
855 3814 1014 3911 castris
1044 3814 1424 3940 quiescentibus.
1485 3805 1694 3909 Comani
1707 3814 1896 3917 summo
1923 3808 2048 3917 dilu·
2123 3894 2130 3903 .

371 4009 375 4018 .
534 3929 649 4028 culo
682 3930 973 4068 inoppinate
1009 3946 1359 4056 peruenerunt
1419 3914 1485 4027 Et
1519 3933 1679 4056 primo
1712 3925 2048 4025 incendebant

488 4094 498 4127 ι
535 4044 685 4141 castra
710 4044 891 4141 demde
915 4041 1273 4149 interfecerunt
1293 4076 1467 4143 omnes
1490 4048 1766 4173 episcopos.
1827 4044 2048 4143 Comites

397 4224 400 4228 -
534 4164 675 4257 senes
700 4174 761 4255 et·
774 4165 980 4257 iuuenes
1001 4167 1201 4260 nemine
1224 4162 1308 4259 libi
1330 4162 1583 4259 refistente.
1614 4167 1683 4259 ita
1704 4159 1841 4291 quod
1861 4192 1924 4257 ex
1940 4175 2048 4265 tan·

534 4293 589 4373 ta
630 4276 944 4375 multitudine
984 4282 1069 4378 uix
1088 4282 1245 4407 pauci
1288 4310 1399 4376 cum
1439 4282 1457 4375 i
1492 4282 1542 4376 so
1583 4311 1701 4409 rege
1732 4278 2047 4377 saluarentur.

535 4394 643 4515 Hijs
684 4395 850 4521 itaque
886 4399 1099 4522 peractis
1135 4398 1298 4503 secuta
1333 4394 1399 4492 est
1488 4399 1690 4527 ingens
1729 4426 1826 4525 qne
1872 4392 2050 4493 dicitur

407 4589 410 4600 .
536 4508 737 4648 ljartari
766 4513 974 4609 ueniens
1005 4514 1069 4610 ab
1100 4529 1213 4610 ortu
1244 4514 1372 4611 solia
1410 4544 1509 4641 que
1538 4514 1694 4610 multa
1722 4545 1776 4611 re
1812 4544 1877 4610 na
1910 4525 1962 4606 et
1983 4512 2048 4605 ci·

536 4641 719 4725 uxtates
740 4641 791 4722 et
810 4628 960 4724 castra
981 4630 1727 4729 subuerteratscilicetRusciam.
1830 4629 2050 4725 oloniam

396 4836 408 4854 ,
539 4772 653 4843 cum
677 4740 802 4841 duce
816 4744 900 4843 suo
918 4746 1235 4847 Heinricceo
1259 4747 1397 4881 quod
1417 4750 1533 4847 esset
1555 4747 1938 4849 innumerabilis.
1969 4744 2049 4841 cui

1840 4892 1990 4967 1161110
