4742 6067
547 494 635 548 ,ς
723 536 726 549 ,
902 462 924 478 “’
1003 452 1626 544 'OBSERVATIONES

562 686 667 755 runt
721 652 863 745 Visum
879 664 935 741 est
951 660 1053 741 illud
1072 678 1210 739 tamen
1228 668 1271 741 in
1288 664 1539 745 bibliotheca
1556 668 1745 745 Palatina
1770 669 1823 747 ab
1842 672 1987 753 eodem
2006 698 2092 754 eru·

552 776 754 863 ‚ditillimo
776 768 951 847 &huius
971 768 1130 889 generis
1159 770 1415 845 cimeliorum
1440 774 1804 873 perquirendorum
1831 775 2094 857 studiofiffimo

566 876 779 957 Bernardo
798 872 948 964 Penio,
974 872 1019 947 td
1045 872 1157 972 quod
1183 874 1226 947 in
1253 872 1397 948 relicta
1422 898 1450 948 a
1475 875 1515 949 se
1533 876 1681 952 scheda
1696 878 1855 955 telletue
1871 880 1945 975 ert,
1971 908 2113 987 quam.

565 983 678 1087 paris
699 978 936 1057 eruditionis
955 974 1083 1051 frater
1101 975 1285 1051 eiusdem
1302 975 1580 1077 Hieronymus
1605 980 1660 1055 T.
1676 979 1729 1055 11.
1757 982 1798 1055 S.
1808 981 1860 1056 R.
1870 981 1922 1059 A.
1942 1013 1982 1088 p.
2006 1010 2090 1083 ¹43·
2247 1036 2255 1051 .

565 1090 677 1162 citat.
777 1079 959 1156 Subinde
978 1076 1030 1155 R.
1049 1077 1095 1154 P.
1113 1077 1256 1154 Petrus
1275 1070 1544 1157 Oberhu'cber
1561 1076 1773 1157 Garllenhs
1791 1086 1966 1162 coenobii
1993 1086 2094 1164 Sub·

565 1192 681 1293 prior
699 1210 725 1261 a
743 1182 1012 1260 celeberrimo
1029 1180 1256 1257 Benedicto
1284 1178 1492 1258 Gentiloto
1510 1182 1564 1259 ab
1581 1182 1885 1289 Engelsbrrmn,
1911 1190 2094 1295 Augulloe

568 1288 830 1367 bibliothecae
840 1300 925 1363 tum
942 1283 1165 1377 Praefecto,
1183 1286 1321 1361 multis
1339 1285 1527 1387 precibus
1544 1290 1800 1391 impetravit,
1819 1306 1862 1366 ut
1877 1292 1944 1367 hic
1961 1315 2096 1394 pauca

598 1394 758 1471 uaedam
776 1404 993 1491 excerpta,
1021 1392 1094 1465 vix
1120 1389 1174 1464 ad
1194 1389 1408 1464 dimidium
1433 1389 1578 1465 folium
1603 1392 1811 1491 protensa,
1840 1391 1880 1468 dt
1906 1395 1959 1470 ad
1976 1396 2095 1469 solius

611 1495 783 1573 arilenfis
802 1492 1030 1569 monasterii
1051 1490 1255 1569 historiam
1272 1494 1536 1594 pertinentia,
1563 1518 1617 1567 ex
1632 1492 1711 1568 hoc
1728 1496 1926 1595 praeclaro
1953 1497 2095 1572 codice

569 1625 693 1677 manu
710 1598 882 1701 propria
900 1594 1100 1699 descripta
1119 1596 1172 1671 ad
1192 1596 1381 1671 eumdem
1398 1595 1586 1671 mitteret.
1637 1594 1738 1673 Haec
1754 1598 1823 1674 ille
1840 1622 1932 1673 curn
1957 1601 2096 1675 lauda·

570 1720 612 1781 to
632 1702 891 1803 Hieronymo
937 1696 1043 1791 Pez,
1071 1700 1139 1799 qui
1157 1698 1306 1800 inligne
1324 1696 1434 1771 suum
1454 1698 1542 1772 Seri
1573 1712 1706 1773 torum
1723 1726 1857 1776 rerum
1874 1700 2095 1776 Aullriaca·

570 1829 784 1985 {ltili}
802 1796 2097 1997 tffirpgqqigqegsr33⁰¹·tffqfofflerchngg?

572 2011 710 2110 Atque
728 2009 824 2083 inde
842 2006 964 2083 facile
992 2006 1249 2109 intelligitur,
1263 1930 1469 2105 'qh'antum
1494 2008 1652 2108 integer
1676 1932 1830 2103 cudha,
1856 2031 1977 2108 quem
1993 2027 2098 2083 nuuc

573 2116 616 2189 in
634 2114 769 2188 lucem
786 2110 1053 2215 proferimus,
1080 2106 1269 2184 Pezianis
1286 2107 1524 2211 fragmentis
1540 2107 1708 2211 praestet.

771 2314 832 2393 11.
886 2316 970 2392 Sed
996 2329 1146 2418 praeter
1170 2315 1250 2391 hoc
1268 2313 1441 2391 nostrum
1459 2315 1570 2391 aliud
1588 2340 1748 2418 quoque
1767 2314 1957 2395 Chronici
1981 2314 2112 2421 huus·

578 2420 794 2524 exemplar
812 2418 964 2495 exstare
983 2418 1136 2495 necelle
1156 2419 1229 2510 est,
1255 2444 1310 2495 ex
1329 2443 1432 2521 quo,
1457 2418 1558 2493 mihi
1577 2422 1740 2521 quidem
1766 2422 1858 2497 inco
1886 2423 1992 2513 nito,
2017 2422 2101 2497 cla·
2173 2460 2178 2470 ·

494 2585 499 2595 .
577 2524 746 2603 riffimus
773 2522 1053 2599 Ferdinandus
1074 2523 1133 2597 *de
1159 2520 1429 2611 Freisleben,
1461 2520 1628 2625 Magnae
1652 2522 1799 2597 Mariae
1824 2448 2025 2599 Therone
2060 2514 2101 2599 dt

577 2625 753 2730 Jolepho
780 2625 833 2702 11.
860 2622 912 2701 ab
942 2626 1083 2701 aulicis
1112 2625 1282 2700 confiliis
1312 2618 1586 2699 &sanctioris
1613 2624 1802 2699 tabularii
1830 2627 1928 2701 olim
1953 2622 2100 2701 Profe·

581 2746 667 2809 ctus
696 2728 980 2833 apographum
1007 2728 1116 2803 suum
1142 2742 1264 2800 manu
1291 2727 1461 2825 propria
1495 2726 1790 2829 diligentiffime
1817 2726 2103 2830 descripseram
2220 2785 2223 2789 ι

568 2832 651 2910 'ille
680 2834 788 2906 enirn
816 2831 949 2905 codex
977 2855 1002 2904 a
1028 2828 1157 2904 nostro
1186 2830 1227 2903 in
1254 2829 1418 2930 paucis,
1453 2831 1654 2905 nonnullis
1681 2844 1817 2905 tamen
1844 2828 2009 2920 verbis,
2034 2829 2102 2907 sed
2140 2914 2144 2920 ,

580 2934 710 3013 multo
729 2934 977 3037 frequentius
996 2934 1036 3006 in
1057 2930 1349 3108 orthographia
1376 2928 1415 3005 dt
1432 2933 1474 3006 in
1502 2958 1699 3024 annorum
1716 2930 2014 3009 scribendorum
2039 2959 2102 3009 ra·

1283 3060 1350 3110 um
1386 3036 1630 3138 exemplar,
1665 3052 1810 3137 agente
1837 3034 2104 3140 gereberrimo

582 3140 763 3216 Antonio
784 3138 834 3213 de
853 3136 1093 3233 Rosenthal‚
1122 3134 1210 3212 Con
1225 3140 1357 3213 rliario
1374 3137 1517 3214 itidem
1535 3140 1688 3228 aulico,
1706 3134 1757 3211 ’ἃ
1773 3142 1907 3241 primo
1925 3140 2130 3219 eiusdemi

583 3240 774 3319 tabularii
794 3238 1013 3334 Praefecto,
1043 3266 1212 3343 quorum
1232 3240 1446 3316 amborum
1464 3240 1651 3318 savorem
1669 3256 1805 3360 grata,
1833 3242 1928 3318 dum
1946 3242 2104 3331 vivam,

585 3344 787 3421 memoria
814 3344 1014 3435 recolam,
1042 3368 1124 3419 non
1149 3347 1352 3448 integrum
1379 3344 1544 3443 quidem
1563 3341 1809 3436 descrrhere,
1834 3345 1902 3422 sed
1920 3346 2105 3445 quaedam

586 3472 638 3523 ex
668 3471 719 3521 eo
748 3448 964 3549 depromta
990 3448 1030 3521 in
1059 3446 1145 3521 usus
1172 3472 1288 3522 meos
1316 3460 1553 3521 convertere
1579 3446 1679 3523 mihi
1709 3444 1851 3541 licuit,
1896 3460 2105 3522 comante

585 3550 819 3650 complures
839 3574 965 3625 annos
984 3546 1187 3625 historiam
1204 3548 1455 3624 Austriacam
1473 3551 1666 3624 ederem:
1700 3545 1879 3650 illudque
1898 3563 2010 3627 torno
2027 3550 2105 3623 illi·

585 3677 631 3729 us
657 3650 708 3727 ΙΙ.
745 3676 866 3757 pagg.
907 3676 992 3751 190.
1028 3674 1119 3751 312.
1154 3676 1252 3750 492.
1279 3676 1368 3749 493.
1403 3674 1492 3749 494.
1528 3674 1615 3749 495.
1649 3678 1755 3747 501:
1800 3667 1883 3727 tum
1909 3656 2008 3729 tomi
2032 3648 2104 3727 III.

512 3926 516 3943 ,
563 3778 890 3951 illiniti&
918 3778 1159 3933 lisinii·
1180 3754 1446 3942 cainan
1460 3753 2003 3933 tannarie,
2045 3778 2106 3931 t:

585 3884 694 4035 lhhio
705 4016 716 4053 ,
745 3958 962 4061 Steyrero,
991 3956 1160 4035 Calleho
1182 3958 1221 4035 dt
1239 3958 1442 4038 Hausrtzio
1461 3958 1591 4061 probe
1611 3962 1815 4079 cognitum
1831 3884 1953 4036 thath.
2014 3958 2105 4035 Hoc
2139 4020 2143 4027 .

586 4060 872 4239 lapographum
890 4059 1234 4239 Frglislelgianulrp,
1254 4063 1375 4240 (ΙοᾳΙοΤ
1384 4057 1726 4238 ἀοοῑίΙΤιέῐηίᾹιυιΙιὲε
1744 4064 1836 4237 ghi
1854 4064 1908 4183 ad
1925 4064 1962 4163 se
1980 4078 2105 4138 trans·

514 4208 519 4225 ι
586 4178 845 4342 &gffifioqgtp
849 4188 944 4341 {truh1
969 4189 1063 4341 rhlgo
1077 4180 1643 4343 ugnfethghhthrhmalhniciffime
1666 4162 2108 4345 indulht.ffierh)nehtmuhh

571 4368 755 4471 aliqua,
786 4371 1040 4473 quantumvis
1069 4370 1246 4472 exigua,
1275 4367 1466 4443 Chronici
1492 4366 1608 4443 huius
1634 4394 1729 4471 pars
1757 4366 2106 4469 Claustroneobur·

587 4471 725 4593 genfi,
742 4472 850 4573 quod
866 4470 1052 4573 praesenti
1071 4496 1163 4546 eam
1181 4470 1310 4572 ipsam
1328 4470 1381 4545 ob
1401 4469 1559 4545 causam
1577 4470 1688 4547 illico
1707 4470 1939 4575 subiungam
1949 4510 1974 4566 ,1
1986 4477 2106 4549 inter·

587 4586 738 4648 rectum
758 4575 829 4662 est;
858 4575 909 4649 'de
929 4601 1007 4675 quo
1027 4576 1068 4649 in
1089 4571 1433 4659 obseruationibus
1453 4574 1588 4649 eidem
1604 4566 1895 4675 prssaemittendis
1911 4576 2030 4677 plura
2048 4575 2106 4649 di·
2144 4616 2155 4636 ·

589 4694 693 4751 carn.
764 4676 974 4779 Quidquid
993 4678 1043 4752 de
1062 4676 1126 4751 his
1143 4672 1428 4777 posterioribus
1446 4674 1508 4768 ht,
1537 4676 1670 4752 codex
1686 4668 1914 4771 Palatinus,
1940 4699 2106 4755 numero

584 4776 677 4859 LII.
703 4794 895 4876 notatus,
931 4780 962 4857 Τι
991 4780 1087 4882 quid
1121 4780 1272 4858 iudicio
1300 4776 1501 4888 affequor,
1536 4792 1605 4856 aut
1627 4780 1798 4889 propria
1859 4779 2107 4884 Compilato·

568 3038 692 3113 'tione
721 3034 865 3112 differt.
945 3030 1036 3111 Hoc
1066 3058 1250 3211 apograp

804 5047 828 5093 δ
