4742 6067
516 443 626 547 ,370
988 408 1610 537 -rrorrnorrrconff
1706 511 1719 529 ,

521 638 847 743 neuenburch
870 632 1011 767 srg'no
1022 634 1189 735 sancte
1211 636 1371 735 crucia
1386 632 1654 767 insignitum
1681 598 1877 749 Eodem
1900 662 2038 795 auno

413 783 416 787 ·
524 790 645 896 pere
702 759 864 881 inacio
925 784 1167 855 uerorum.
1757 809 1762 817 -
1969 812 1973 820 -

363 964 373 981 ,
540 920 552 958 x
705 876 849 973 coire
931 870 1062 971 ttoni
1079 870 1185 1005 regi
1199 868 1264 969 ob
1287 869 1604 982 concordiam
1624 872 1766 1003 regui
1785 868 1885 969 iilia
1905 873 2043 1003 regin

526 973 751 1104 defuncti
769 986 1097 1135 desponsatum
1158 991 1284 1103 Otto
1315 988 1563 1117 palatinus
1590 988 1661 1089 ob
1695 1018 1872 1089 necem
1904 992 2038 1120 regia,

524 1104 659 1212 Phili
722 1111 750 1229 ,i
770 1123 933 1241 capno
953 1122 1223 1210 truncatur.
1317 1158 1321 1171 ·
1602 1174 1610 1185 .
1790 1162 1795 1169 -
2012 1164 2035 1221 „-

705 1258 832 1328 cere
863 1227 989 1327 otto
1012 1223 1076 1337 de
1097 1221 1373 1355 prunswirh
1395 1220 1619 1331 Heinrici
1647 1220 1789 1322 ducis
1817 1221 2044 1335 bawarie

527 1346 780 1492 quondam
801 1342 986 1475 expulsi
1007 1342 1163 1469 filiun*
1178 1345 1231 1439 in
1249 1372 1423 1471 regern
1440 1342 1700 1484 eligitruet
1719 1339 1820 1469 ipse
1843 1359 1935 1471 per
1946 1344 2038 1443 ita·

525 1466 648 1567 Iram
670 1494 782 1563 cum
804 1458 1131 1591 expedicione
1154 1459 1360 1607 pacifica
1382 1458 1639 1559 securitate
1671 1488 1860 1557 romam
1883 1460 2036 1589 usque

563 1583 783 1701 refectus
808 1580 871 1677 ab
904 1581 1208 1679 Innocenero
1266 1608 1363 1707 apa
1418 1592 1642 1683 romotuu
1672 1578 1741 1677 im
1776 1592 1941 1675 erator
1966 1576 2038 1681 ef·

523 1615 699 1803 icitur.
732 1775 734 1779 -
769 1700 896 1797 Otto
935 1697 1180 1827 prosperis
1230 1603 1518 1835 iucoesirtrus
1553 1694 1727 1835 mirab'
1751 1709 1845 1837 ‚ter
1877 1694 2037 1836 elatus

529 1814 761 1919 aduersus
792 1812 1098 1914 Fridericum
1129 1828 1299 1943 regem
1329 1812 1474 1913 ficssre
1508 1810 1726 2029 epatium
1746 1840 1801 1914 ur
1854 1808 2036 1918 ¹ditur.
2173 1850 2177 1857 ·

526 1936 764 2039 Pestilens
798 1930 977 2039 heresrr,
1011 1934 1349 2061 paterinorum
1375 1962 1490 2031 eum
1518 1931 1760 2059 purimoa
1794 1961 1823 2026 c
1884 1927 2038 2035 isiiani

527 2055 744 2158 nominis
767 2046 1011 2179 serpendo
1034 2063 1383 2179 corrumperet
1413 2062 1620 2147 auctore
1634 2044 1951 2176 deoproditu
1972 2044 2039 2148 est

529 2186 582 2271 et
591 2172 738 2294 uariis
748 2168 1010 2267 tormentis
1027 2166 1170 2263 multi
1192 2197 1363 2265 eorum
1386 2167 1562 2271 necati.
1620 2167 1813 2297 Fingen
1830 2194 1921 2265 rex
1931 2192 2039 2277 cor·

528 2290 634 2390 caie
656 2320 688 2385 a
706 2287 801 2385 suis
825 2286 878 2381 in
898 2281 1019 2382 dolo
1042 2282 1302 2381 occiditur
1326 2285 1383 2384 In
1405 2282 1543 2383 cuius
1563 2284 1728 2383 locum
1750 2284 2038 2389 Dirinueiur

494 2404 658 2511 rsilius
682 2402 1036 2513 eiussueceslit
1073 2486 1091 2511 „
1383 2490 1389 2507 ,
1884 2502 1887 2509 ,
1944 2420 1948 2429 ·
2022 2478 2036 2509 ,.

645 2518 776 2621 Meo.
821 2523 846 2617 ’.
877 2522 1009 2622 otto
1028 2520 1304 2661 imperator·
1319 2515 1437 2621 dum
1455 2517 1830 2649 possessronibrn·
1850 2518 2040 2663 apostu-

527 2634 638 2756 ,licir
660 2638 797 2740 eccle
831 2668 860 2735 e
881 2664 1087 2745 romane
1109 2634 1425 2767 rurerurando
1447 2638 1684 2763 promissas
1707 2638 1826 2743 dum
1848 2634 2040 2745 orolen-

527 2773 607 2857 ter
625 2751 935 2887 poiturodum
957 2750 1174 2848 abutitur
1185 2753 1564 2859 absnnoce‘neio
1566 2784 1705 2899 papa
1725 2758 1891 2859 tercio
1905 2784 2041 2861 coma

525 2877 748 2975 monitus
766 2902 863 2970 nce
887 2883 1137 2967 correctus
1151 2870 1485 2977 ¹anathematis
1498 2872 1917 2973 animaduersione
1930 2900 2041 3003 per·

529 2994 724 3088 entitur.
782 2984 978 3086 Eodem
1008 3012 1159 3095 anno
1186 2987 1329 3085 multi
1357 2990 1609 3131 principes
1632 2992 1946 3091 orientalium
1974 3014 2040 3092 err

526 3107 775 3250 mandatis
786 3102 977 3203 domini
996 3102 1250 3244 apostolici
1270 3122 1532 3204 comerent
1553 3104 2039 3211 aduersusOttonem
2079 3228 2092 3241 „

528 3257 602 3323 un
634 3240 881 3325 aratorem
998 3236 1244 3333 exercitus
1274 3223 1615 3325 saracenorum
1647 3221 1711 3326 de
1736 3240 1845 3325 tota
1875 3226 2040 3337 affrica

425 3418 429 3425 .
529 3256 780 3453 cofiectuc
803 3370 915 3437 eum
947 3338 1035 3437 siro
1069 3366 1193 3469 rege
1218 3343 1344 3442 mari
1362 3340 1561 3443 nunlito
1587 3340 1713 3443 finer
1730 3340 1925 3471 aliquos
1947 3344 2042 3475 hy·

530 3462 699 3590 ,spania
723 3457 973 3571 uiolenter
993 3460 1259 3587 occupauit
1279 3474 1333 3565 et
1353 3489 1506 3601 ‚reges
1520 3456 1811 3560 christianos
1835 3464 2039 3559 circum·

471 3666 474 3672 .
529 3608 726 3707 quaque
748 3576 930 3706 pofitos
952 3570 1034 3671 die
1058 3606 1259 3790 quopue
1281 3576 1434 3674 futurr
1456 3578 1711 3679 conflictru
1734 3579 1954 3708 expresso
1967 3579 2039 3682 su·

525 3696 685 3825 perbe
707 3695 1014 3823 prouocauit
1094 3692 1168 3791 Ec
1183 3692 1317 3823 ypsrs
1340 3695 1457 3794 lune
1479 3692 1611 3793 sacta
1633 3694 1701 3795 est
1724 3696 1853 3827 qunfi
1875 3694 2040 3793 media

528 3829 694 3914 noete.
714 3813 776 3911 κ’.
799 3808 1038 3911 kalendas
1071 3808 1383 3918 Nouembris.
1465 3810 1740 3913 Gerdrudia
1770 3816 1946 3947 regine
1974 3812 2039 3918 ab
2181 3892 2185 3901 -

355 3942 358 3947 ’
527 3931 725 4064 ungaris
746 3926 1001 4029 occiditur.

502 4140 506 4147 .
645 4048 866 4147 Moeri.
901 4047 1028 4143 Otto
1046 4046 1316 4176 imperator
1336 4042 1453 4145 aba
1487 4046 1589 4147 ulia
1604 4046 1843 4177 ,prospere
1866 4078 2041 4179 ‚regre-

527 4160 664 4262 ditur
683 4194 739 4262 re
773 4078 1029 4290 altiusque
1061 4196 1129 4261 nu
1166 4166 1271 4263 cisa
1326 4162 1394 4265 Pr
1480 4164 1611 4265 wich
1633 4196 1710 4289 ma
1780 4166 1887 4269 isica
1902 4168 2041 4265 ceie-

460 4308 479 4328 ··
527 4278 683 4425 bratic
713 4194 862 4379 iiiam
883 4310 939 4379 re
974 4284 1014 4378 's
1034 4197 1256 4425 Bhiiippi
1276 4279 1416 4382 duxit
1435 4312 1654 4426 tutorem.
1760 4283 1795 4383 d
1816 4284 2041 4391 celebrer

466 4470 470 4478 ·
526 4424 710 4529 nupcre
733 4399 878 4530 proh
888 4394 954 4496 do
977 4430 1034 4500 or
1053 4432 1107 4507 ur
1129 4400 1183 4503 lu
1250 4402 1363 4501 brec
1383 4429 1616 4529 exequias
1634 4406 1804 4535 regine
1829 4406 1881 4501 in
1900 4400 2042 4503 breui

528 4534 906 4627 conuertuntur.'
961 4518 1176 4648 otto-po
1245 4542 1428 4617 annum
1449 4523 1911 4629 excommunicatus
1929 4547 2040 4621 ‚non

414 4734 417 4740 .
529 4634 810 4775 resipiscens
839 4634 1104 4853 postolica
1122 4638 1373 4755 sentencia
1428 4640 1747 4736 renunciatur
1776 4637 2040 4735 hereticus.

532 4766 585 4849 et
606 4756 815 4881 imperio
886 4755 1118 4885 eponitur
1149 4757 1354 4858 omnino
1453 4754 1655 4858 tholicis.
1684 4756 1747 4859 ab
1773 4756 1878 4856 eius
1900 4780 2043 4853 reue·

693 4992 702 5005 ¹
733 5007 739 5020 r
