4742 6067
517 339 522 352 ⁸
674 375 767 505 ’.473
1153 401 1277 483 rx.-
1306 336 1710 535 c'uuo'rucou

653 604 713 697 ·.’
756 577 970 723 Nicer.
1322 552 1327 560 -

691 712 727 779 ·.
759 730 990 829 Mssccv't
1606 810 1611 818 .

374 934 378 944 .
521 856 530 868 ‘
631 902 638 915 ·
703 850 832 945 ,Μ.
843 848 1002 944 ccvii
1033 844 1295 974 Philippus
1328 875 1417 950 rex
1454 830 1716 961 Coloniam
1745 840 1948 943 obsedit
1977 845 2132 971 plures

635 958 1168 1087 incircuitu'eiuitates
1194 962 1259 1069 ‚est
1280 964 1472 1061 castella
1497 963 1772 1089 occupauit
1801 962 1973 1067 urbem
1997 966 2133 1059 etiam

626 1442 717 1535 tis·
735 1442 797 1533 in
821 1438 1160 1564 captiuitatem
1187 1422 1406 1538 redacto.
1454 1434 1516 1535 ab
1542 1434 1801 1539 ,obsidione
1831 1434 2031 1531 recelsrt.
2046 1447 2050 1452 “
2066 1466 2133 1531 re·

635 1588 750 1684 gem
775 1556 973 1653 boemie
998 1553 1083 1651 srbi
1109 1585 1220 1649 cum
1252 1586 1403 1651 manu
1437 1553 1602 1652 ualida
1632 1552 1948 1651 insidiantem.
1989 1554 2040 1647 in
2067 1551 2133 1647 fu·

634 1705 749 1802 gam
773 1674 1033 1783 conuertit
1066 1687 1118 1768 et
1143 1670 1430 1768 ceciderunt
1450 1672 1701 1799 uulnerati
1718 1672 1873 1801 multi.
1904 1670 1990 1767 alii
2004 1672 2143 1767 inca-¹

635 1794 920 1918 ptiuitatem
941 1792 1053 1885 sunt
1076 1787 1227 1885 ducti.
1364 1837 1367 1847 =
1914 1871 1921 1885 .

586 1946 623 1987 ι·
751 1908 1021 2005 M.cc.viii.
1045 1904 1168 1999 Dux
1186 1904 1440 2033 liupoldus
1465 1908 1646 2035 aliique
1680 1934 1826 2033 quarn
1848 1906 2022 2035 plures
2039 1936 2133 2003 cru·

702 1997 709 2022 l

634 1084 1018 1299 offnatiffimam.
1035 1082 1238 1182 nomine
1263 1081 1477 1216 Nulsram
1511 1085 1679 1207 cepit·
1708 1081 1914 1199 accessus
1946 1083 2133 1177 nauium
2269 1085 2271 1096 '

614 1236 669 1322 ‚a
693 1204 703 1225 '
758 1206 900 1299 onias
920 1203 1239 1329 portantium.
1256 1202 1308 1295 in
1327 1200 1472 1325 Reno
1506 1200 1730 1316 inhibuit.
1762 1198 1922 1296 aditus
1942 1197 2132 1295 'uehicu-
2159 1212 2165 1221 '

633 1322 801 1433 lorum
823 1350 914 1448 per
934 1334 1124 1415 terram.
1138 1318 1428 1414 interclusit.
1473 1316 1704 1415 Tandem
1726 1318 1956 1445 episcopo
1980 1318 2133 1413 ciuita-
2171 1372 2173 1377 ·

618 2028 705 2123 -cis
729 2026 985 2121 karactere
1007 2024 1057 2119 se
1091 2022 1120 2117 li
1157 2038 1413 2125 uauerunt.
1505 2026 1630 2121 Otto
1663 2023 1911 2151 palatinus
1920 2023 2012 2121 :de
2037 2026 2133 2122 wit·
2303 2066 2304 2121 4

629 2144 760 2239 lines
765 2143 905 2238 bach.
936 2158 988 2237 et
1010 2171 1142 2237 marc
1179 2141 1230 2235 io
1259 2140 1438 2268 hystrie
1470 2138 1748 2271 philippum
1779 2172 1947 2357 reqem
1969 2146 2024 2239 in
2043 2174 2133 2239 mu·
2303 2158 2304 2245 l

2289 2356 2294 2369 ·

614 2264 824 2357 mitione
860 2258 1184 2356 constitutum.
1235 2289 1409 2389 pacem
1442 2260 1730 2357 simulantes.
1786 2258 1853 2357 do
1875 2293 1908 2357 o
1949 2260 2132 2359 occide·

145 2362 149 2370 ’
234 2440 243 2451 -
370 2512 388 2524 .
476 2377 480 2383 ’
614 2395 759 2475 runt
792 2378 871 2474 cui
896 2380 1022 2475 Otto
1045 2374 1146 2471 dux
1169 2375 1367 2481 saxonie
1393 2375 1677 2474 succeditin
1698 2406 1917 2507 regnum.
1989 2378 2130 2477 Hein-

628 2499 760 2591 ricns
796 2494 1098 2591 marscalcus..
1121 2492 1186 2587 de
1206 2493 1486 2591 chalantin.
1529 2510 1751 2601 ottonem
1775 2496 2049 2623 palatinum
2076 2496 2130 2604 de

614 2612 971 2711 ¹witlinelbach
992 2608 1208 2707 nefande
1230 2616 1465 2709 memorie
1490 2614 1648 2711 uirum
1673 2612 1740 2707 ob
1764 2612 2034 2711 uindictam
2044 2613 2130 2711 Re·
2302 2604 2304 2619 ’

202 2792 205 2799 s
318 2862 324 2873 ι
453 2860 457 2868 Ι
630 2732 708 2858 gis
727 2727 1185 2868 Phylippiudomini
1205 2728 1276 2823 sui
1298 2727 1491 2827 occidit.

743 2848 1028 2951 M.cc.vn1i.
1058 2844 1219 2941 Waesr
1278 2850 1403 2943 imus
1437 2847 1589 2943 abbas
1621 2849 1702 2974 pie
1741 2854 1982 2951 memorie
2007 2851 2128 2949 obiit

605 2967 858 3064 ·-Alramus
883 2960 1113 3059 succedit.
1139 2966 1205 3058 iii.
1260 2962 1463 3061 alendas
1490 2965 1720 3062 octobris.
1751 2968 1758 2979 ’
1804 2971 1929 3072 Otto
1953 3002 2044 3067 rex
2061 2999 2128 3063 ro·

621 3085 989 3185 mamueniens
1023 3080 1346 3177 consecratur.
1406 3081 1519 3179 Pon
1549 3083 1641 3178 hec
1710 3089 1843 3183 aucis
1869 3089 2127 3185 interiectis

606 3200 815 3299 diebus.
843 3201 1072 3296 inimicus
1095 3199 1300 3294 humani
1322 3202 1530 3327 generis.
1573 3204 1654 3297 eiu
1675 3232 1771 3326 que
1795 3204 1976 3301 salutis.
2017 3208 2127 3303 ziza·

365 3303 367 3312 ¹
453 3406 463 3421 ,
621 3322 708 3415 nia
728 3321 871 3445 super
892 3316 1109 3413 triticum
1129 3314 1262 3410 bone
1287 3320 1590 3414 auctoritatis
1614 3320 1882 3421 seminanit
1924 3322 2127 3419 fermen-

619 3450 827 3563 tumque
848 3432 1042 3528 malicie
1067 3444 1117 3527 et
1129 3435 1358 3560 nequicie
1378 3432 1550 3537 fraude
1565 3436 1644 3533 sue
1702 3440 1996 3539 eruersrtatis
2009 3472 2127 3537 com·

620 3553 824 3649 miscuit.
856 3547 994 3677 quod
1013 3545 1142 3645 adeo
1166 3551 1495 3648 inueteratum
1518 3552 1585 3649 ell
1614 3468 1884 3655 diibtatum.
1925 3575 1984 3655 ut
2012 3562 2127 3654 inter

618 3701 802 3798 papam
825 3668 1172 3763 innocentium
1199 3672 1338 3764 etim
1376 3686 1619 3768 eratorem
1651 3674 1703 3768 in
1729 3672 2019 3773 estimabiles
2040 3676 2124 3771 on'·
2254 3714 2258 3722 ·
2302 3745 2303 3791 ἦ

605 3805 790 3884 rentur
812 3786 1075 3889 inimicicie
1105 3783 1238 3882 unde
1270 3702 1405 3883 bedia
1428 3801 1480 3881 ct
1508 3787 1772 3887 seditiones
1796 3796 2124 3891 mouebantur.

582 3949 585 3955 ·
615 3904 747 4003 Nam
768 3908 1119 4029 imperatorem
1142 3917 1194 3997 et
1215 3934 1387 4001 omnes
1404 3904 1629 4041 partibus
1659 3907 1792 4007 illius
1810 3907 2038 4010 fauentes
2052 3942 2123 4005 ex·

477 4084 482 4095 ·
616 4022 1029 4121 communicauit.
1070 4020 1152 4115 Sic
1175 4053 1268 4145 per
1289 4021 1617 4127 bienniumin
1643 4026 1765 4123 latio
1787 4040 2121 4127 commoratus.

614 4140 810 4235 castella
833 4154 885 4235 ct
905 4135 1105 4282 oppida.
1137 4139 1456 4265 ciuitatesque
1479 4139 1563 4238 tbi
1588 4142 1878 4245 resilientes.
1896 4148 1992 4249 suo
2024 4144 2121 4241 sub·

444 4299 450 4315 ·
615 4256 1060 4385 iugauitdomrnro.
1090 4256 1404 4381 inquantum
1432 4256 1582 4353 licuit.
1641 4260 1761 4359 Inde
1782 4266 1834 4357 in
1858 4266 2122 4366 teutoniam

612 4378 850 4490 reuersus.
902 4407 956 4473 re
1028 4404 1109 4469 um
1139 4377 1326 4501 reperit
1360 4372 1673 4501 dislipatum.'‚
1701 4382 1968 4509 principes
1991 4381 2120 4508 regni

614 4493 766 4633 ualde
801 4490 959 4631 discor
996 4505 1176 4632 antes„
1211 4494 1300 4630 Ex
1344 4490 1519 4632 quibus
1556 4496 1859 4638 lantgrauius
1905 4498 2117 4641 duringie

609 4612 816 4738 pubhce
840 4642 888 4709 er
908 4610 1091 4709 restitit.
1123 4640 1270 4738 quern
1295 4624 1442 4735 etiam
1464 4611 1601 4711 bello
1632 4630 1851 4743 expetnt.
1908 4620 1988 4717 Ex
2012 4620 2117 4758 lunc

1965 4768 2065 4837 um·
