4742 6067
304 1460 416 1601 na
456 1456 868 1579 canonem
904 1457 1785 1581 omnemomoauaoause

601 1776 1180 1893 orsenvamo'nrs
1230 1759 1564 1933 annum·
1691 1755 1693 1759 ’

1025 2424 1091 2523 I.

306 2546 417 2777 Iam
435 2614 551 2717 supra
569 2613 623 2691 ad
641 2614 860 2695 chronicon
871 2608 1074 2693 Garllenie
1094 2640 1121 2691 a
1138 2638 1206 2691 me
1223 2610 1481 2694 observatum
1498 2612 1564 2709 eli,
1580 2612 1831 2697 historiam

374 2714 605 2805 Germaniae
632 2733 702 2795 aut
724 2718 980 2825 lingrdarium
1014 2717 1197 2795 eiusdem
1222 2720 1543 2820 provinciarum
1570 2718 1827 2822 compilato·

305 2849 395 2913 res,
419 2846 521 2925 quoe
538 2824 762 2900 maximam
777 2834 938 2925 partem·
953 2818 1202 2895 familiarum
1216 2819 1494 2923 religiosarum
1510 2822 1699 2899 alurnnos
1715 2821 1828 2899 fuiss'e
1938 2807 1942 2822 ⁸

143 2926 148 2932 ’
307 2924 480 3017 constat,
502 2926 545 2999 iu
561 2920 784 3007 Hermanni
803 2920 1009 3001 Contracti
1026 2922 1269 3015 chronicon,
1293 2937 1502 3023 tamquam
1529 2926 1573 2999 ln
1588 2948 1665 3026 pro
1695 2924 1838 3005 vntum

309 3028 534 3137 speculum,
560 3026 701 3103 oculos
717 3026 945 3119 intendille,
971 3025 1025 3101 ad
1050 3026 1161 3122 cuiue
1176 3026 1446 3101 imitationem
1462 3050 1596 3105 rerum
1613 2950 1832 3131 garbarum,

293 3157 413 3239 'quan
431 3126 689 3223 adnotailent,
713 3128 856 3207 seriem
872 3127 1119 3230 posterorum
1135 3130 1344 3206 memoriae
1354 3130 1699 3207 commendarent
1732 3129 1832 3205 Pro·

312 3230 584 3345 gradientibus
602 3229 776 3325 saeculie,
801 3246 845 3307 et
866 3254 1035 3307 numero
1054 3228 1254 3305 eiusmodi
1272 3230 1556 3311 chronicorum
1569 3246 1713 3324 aucto,
1746 3231 1834 3307 fue·

311 3352 438 3429 runt,‘
451 3336 519 3437 qui
535 3330 759 3415 Hermarmi
778 3330 1143 3426 lucubrationibus,
1171 3332 1276 3433 quali
1294 3332 1546 3409 fundamenti
1563 3334 1658 3412 loco
1673 3334 1833 3436 politia,

316 3438 560 3525 celebriores
586 3438 723 3539 plures¹
751 3437 1085 3539 compilationes,
1118 3448 1207 3537 quae
1264 3460 1311 3511 ro
1336 3436 1446 3511 illiue
1470 3438 1600 3512 aetatis
1628 3434 1833 3514 coniuctu-

315 3546 408 3621 dine
434 3564 556 3616 manu
584 3538 790 3641 descriptae
825 3540 878 3616 ad
906 3562 976 3613 eos
1003 3539 1195 3639 perlatae,
1295 3537 1551 3613 claustrorum
1576 3537 1836 3615 bIbliothecit

313 3646 467 3723 insertae
484 3640 664 3731 fuerant,
688 3644 729 3715 in
749 3666 871 3717 unum
897 3642 1022 3717 veluti
1050 3664 1120 3715 cor
1150 3666 1196 3733 ue
1224 3655 1511 3744 congererent,
1541 3664 1624 3715 non
1648 3666 1743 3717 raro
1768 3662 1836 3717 ret

313 3750 383 3829 suo
404 3772 492 3824 aevo
513 3746 742 3831 evenientes
763 3740 802 3818 δι
828 3746 997 3845 propria
1012 3666 1200 3817 induIria
1218 3742 1387 3845 digestae
1405 3744 1682 3846 adiungerent,
1706 3764 1835 3843 eaque

313 3853 471 3929 ratione
489 3846 696 3925 historiam
716 3845 769 3921 ad
786 3844 855 3920 sua
880 3858 1067 3945 tempora
1084 3845 1384 3944 protenderent.
1436 3843 1502 3919 Ex
1527 3844 1673 3921 borum
1697 3868 1837 3921 nume·

311 3980 363 4049 ¹ro
381 3950 491 4029 fuille
506 3945 648 4041 illum,
673 3972 793 4047 quem
810 3946 1000 4023 hocloco
1020 3944 1218 4039 exhibeo,
1244 3945 1612 4050 chronographum,
1637 3944 1838 4047 aut-quod

204 4136 208 4145 ,
311 4050 572 4153 ,νετίῆωὶΙίιιε
590 4048 662 4141 est,
690 4043 1045 4153 Chronographos,
1073 4062 1190 4123 extra
1206 4047 1374 4125 dubium
1390 4048 1454 4129 est.
1508 4047 1673 4142 Codex,
1696 4052 1739 4126 in
1757 4073 1838 4150 quo

230 4172 234 4181 ’
265 4148 266 4155 ¹
316 4158 380 4235 ha
399 4154 710 4259 compilationes
729 4152 950 4227 coniunctae
968 4150 1262 4253 diligentiilime
1290 4165 1331 4226 et
1346 4150 1673 4255 perelegantibus
1698 4151 1840 4247 chara·

320 4258 496 4335 cleribus
520 4254 768 4331 membranae
785 4257 827 4329 in
845 4252 972 4345 folio,
996 4268 1038 4331 ut
1054 4268 1227 4349 uocant,
1250 4252 1447 4355 inscriptae
1473 4255 1679 4357 leguntur,
1710 4258 1752 4331 in
1778 4253 1839 4331 bi·

325 4358 533 4439 bliotheca
556 4356 745 4435 Palatina
767 4357 873 4432 inter
888 4354 1086 4458 profanos
1108 4355 1336 4447 historicos,
1372 4381 1539 4459 numero
1564 4354 1738 4439 Lxxll.
1763 4357 1840 4433 ser·

319 4476 458 4554 vatur,
477 4476 519 4537 et
527 4460 633 4561 quod
645 4482 735 4535 cum
744 4458 988 4534 confidentia
1009 4458 1143 4535 dicere
1163 4458 1304 4553 auhm,
1324 4460 1376 4535 ad
1394 4458 1579 4536 saeculum
1588 4458 1720 4535 XIIII.
1736 4456 1841 4535 refe·

315 4555 467 4658 bendpo
484 4562 656 4657 ridetur·
705 4560 769 4655 Is,
794 4558 846 4639 ab
866 4558 1101 4637 Hermanno
1122 4557 1340 4657 Contracto
1357 4561 1516 4637 initium
1541 4560 1719 4653 sumens,
1746 4586 1841 4639 onn-

316 4655 495 4777 ‘demque
514 4688 540 4741 a
558 4660 822 4748 Chrillonato
842 4664 1037 4764 usquead
1066 4688 1215 4759 annum
1236 4688 1332 4762 953.
1372 4664 1623 4765 producens,
1657 4664 1771 4741 nulla
1794 4666 1842 4741 li·

322 4782 387 4845 cet
402 4770 500 4846 novi
518 4766 694 4843 chronici
714 4768 916 4841 mentione
933 4765 1062 4856 facta,
1081 4765 1286 4841 ineadem
1312 4780 1459 4868 coepta
1483 4767 1593 4843 linea
1619 4762 1843 4844 Gatheatas
1882 4771 1887 4777 ’

314 4871 490 4977 analeo
515 4870 688 4967 orditur,
716 4866 755 4946 δι
775 4892 885 4948 nunc
902 4864 1273 5049 compluribuepm
1299 4867 1427 4945 lubitu
1445 4868 1607 4968 audilis,
1631 4868 1844 5045 nunpdaliia

1680 4994 1705 5047 a
1761 4995 1796 5044 r-
