4742 6067
676 412 792 491 514.
1106 376 1165 461 X.
1215 378 1614 475 cunotttcou

612 591 781 690 minus
819 582 1108 688 Bonifacius
1138 585 1239 681 viii.
1269 616 1401 712 papa
1439 615 1573 681 anno
1612 583 1927 713 pontificatus
1958 584 2029 683 sui
2056 590 2125 715 inf.

463 796 467 801 ,
615 706 727 811 'cum
759 736 821 805 eo
851 704 1003 833 plene
1036 700 1319 799 concordat
1363 716 1414 799 et
1444 734 1558 797 eum
1586 733 1755 830 regem
1785 705 2081 803 nominata

613 824 797 955 probat
826 836 974 951 atque
1006 818 1273 917 confirmat.
1304 822 1357 915 in
1378 850 1598 946 eumque
1632 820 1875 916 consentit
1904 824 1957 919 in
2014 824 2077 919 ub
2095 829 2128 919 i·

615 974 677 1041 co
708 942 949 1041 Sermone
980 940 1033 1035 in
1062 936 1144 1033 die
1164 934 1516 1065 Apostolorum
1540 936 1673 1033 Phili
1701 939 1762 1078 pi
1792 953 1843 1034 et
1874 940 1990 1036 Iaco
2028 944 2055 1036 i.
2084 958 2129 1037 et

616 1057 682 1155 ad
709 1057 1017 1188 impen'alem
1036 1086 1275 1155 coronam
1299 1050 1650 1183 suscipiendam
1673 970 1835 1153 ddteris
1867 1086 1924 1151 ac
1945 1062 2128 1155 nunciis

612 1177 953 1305 sollempniter
982 1174 1223 1271 muitauit
1268 1172 1351 1275 ubi
1382 1200 1486 1268 uon
1516 1170 1666 1267 uenit
1699 1170 1786 1307 sed
1814 1170 2014 1301 Regem
2042 1174 2129 1273 Bo·

613 1294 876 1393 hemorum
905 1290 1226 1389 venzezlaum
1249 1290 1297 1385 ii.
1327 1304 1380 1383 et
1406 1288 1531 1385 alios
1591 1291 1808 1419 rincipes
1833 1292 1884 1385 iu
1906 1291 2129 1390 Aleman-

614 1415 702 1511 nia
732 1408 1019 1509 constitutos
1050 1406 1401 1505 mirabiliter-o
1475 1320 1605 1507 retdt
1646 1424 1699 1505 et
1726 1408 1795 1503 ass
1816 1406 1916 1534 ixit
2010 1407 2129 1504 Cou'·

508 1612 513 1619 .
613 1559 824 1663 gregans
847 1528 1014 1661 itaque
1040 1527 1311 1627 exereitum
1333 1439 1552 1625 vaddum
1573 1520 1750 1621 descen
1791 1528 1828 1621 ‘t
1849 1556 1944 1652 per
1967 1524 2130 1623 Bawa·

612 1649 749 1764 riam·
765 1671 947 1788 magno
969 1644 1181 1741 uallatus
1209 1644 1442 1738 exercitu.
1467 1640 1672 1739 domino
1688 1644 1881 1740 Ottone
1907 1640 2130 1740 duceBa·

517 1864 522 1870 ,
611 1766 765 1861 warie
797 1763 882 1860 sbr
905 1775 1223 1891 cooperante.
1246 1790 1357 1857 cum
1389 1761 1498 1856 aliis
1523 1760 1688 1867 multis
1715 1760 1777 1865 de
1801 1759 1966 1857 Reno.
1993 1762 2132 1855 Fran·

613 1883 774 1977 conia
814 1880 1011 1979 Sueuia
1051 1877 1292 1989 Bawaria.
1334 1875 1536 1973 Austria
1578 1875 1741 1973 Stiria.
1773 1878 2051 1974 Kari‘nthia
2078 1905 2129 1973 ac
2286 1932 2287 1959 ι

614 1998 845 2128 Vngaria
873 2025 1082 2095 numero
1104 1993 1242 2134 *quast
1271 2024 1317 2089 x.
1348 1994 1558 2089 milibus.
1589 1998 1729 2091 uenit
1757 1997 1809 2089 in
1845 1996 2131 2091 Bohemiam

568 2164 573 2173 ·
613 2114 766 2243 usque
787 2112 853 2254 ad
871 2112 1118 2254 Chuttam
1139 2111 1308 2253 rbiqpe
1331 2142 1506 2253 parum
1524 2110 1792 2327 proficiens
1816 2114 1947 2211 aeris
1967 2115 2131 2209 intem·

594 2338 605 2355 ‚
653 2235 754 2331 erie
784 2230 1103 2361 unpedaente.
1132 2227 1281 2326 redut
1306 2260 1441 2333 mrca
1471 2226 1521 2325 se

614 2264 733 2447 dem
744 2350 826 2447 uia
836 2381 934 2478 qua
953 2362 1161 2451 uenerat
1182 2344 1249 2441 ad
1260 2362 1426 2474 partes
1436 2345 1580 2443 Reni.
1594 2348 1724 2443 eirca
1749 2378 1935 2451 annum
1951 2344 2130 2445 domini

1558 2260 1640 2323 um
1671 2230 1805 2326 beati
1826 2228 2040 2333 Martini
2060 2260 2130 2341 ea·
2281 2241 2288 2281 ⁶

614 2466 706 2565 Μ’.
725 2470 911 2562 ccc⁰.v'.
939 2460 1674 2565 Posthecdiuersaststannides
1689 2468 2002 2565 exerceusin
2030 2452 2128 2561 suos
2286 2518 2288 2527 ι

617 2612 729 2679 cum
758 2595 983 2685 maneret
1007 2585 1065 2682 in
1092 2596 1224 2677 terra
1248 2580 1443 2679 A'lsacie
1474 2582 1603 2677 circa
1625 2581 1824 2677 Renum
1855 2586 1911 2683 in
1945 2580 2129 2680 h'eredi·

616 2712 721 2797 tate
743 2698 970 2803 Paterna
1000 2700 1054 2793 in
1083 2695 1204 2798 festo
1229 2696 1579 2836 Apostolorum
1608 2698 1828 2838 Philjppi
1870 2717 1923 2797 et
1947 2699 2130 2795 sacob‘t
2286 2712 2288 2789 ἴ

614 2818 864 2944 recipiens
898 2818 1058 2914 vicem
1086 2812 1274 2911 fraudu
1305 2846 1453 2943 quam
1483 2814 1672 2913 fecerat
1713 2847 1766 2911 m
1796 2811 1945 2943 suum
1966 2801 2129 2946 prede·
2287 2862 2288 2909 ;

606 2934 851 3041 ‚cessorem
888 2966 919 3033 a
948 2931 1184 3031 fratruele
1224 2932 1309 3033 suo
1343 2932 1490 3031 Duce
1515 2932 1739 3034 Iohanne
1765 2965 1912 3062 quem
1938 2934 2131 3031 exhere·
2286 2942 2288 2961 ¹

616 3048 825 3151 dancrat
854 3083 886 3149 a
913 3082 967 3148 re
1039 3049 1438 3148 oBohemorum
1471 3066 1676 3265 Proffier
1712 3050 1840 3148 filios
1872 3054 1987 3149 suos
2050 3081 2129 3147 uos
2173 3058 2179 3110 ·'

618 3168 690 3264 ibi
718 3158 878 3269 uoluit
901 3202 937 3272 e
973 3200 1001 3265 e
1031 3165 1245 3265 heredes
1266 3164 1434 3291 gladio
1458 3184 1567 3265 tran

619 3284 942 3386 ecclesiasticis
964 3286 1296 3389 sacramentis
1328 3286 1526 3389 minime
1551 3289 1779 3417 receptis,
1803 3288 1931 3385 circa
1957 3314 2127 3413 annum

618 3396 812 3505 domini
840 3402 1062 3506 M⁰..,ccc⁰.
1074 3404 1173 3527 viij.
1212 3526 1215 3535 Ι
1788 3482 1792 3489 .
1842 3448 1847 3457 ·

1238 3574 1537 3677 lnci'dencia.

735 3746 827 3847 Mt
849 3749 935 3846 cc‘.
955 3751 1121 3849 xeniis
1161 3749 1349 3847 Ciuitas
1379 3750 1678 3851 Patauiensrs
1720 3754 1768 3851 se
1810 3751 2015 3857 domino
2053 3750 2129 3847 suo

610 3862 890 4079 'parauiensr
931 3868 1181 4007 episcopo·
1199 3867 1514 3969 Wernhardo
1556 3874 1785 3999 opposuit
1814 3887 2008 3973 ettam
2038 3872 2127 3997 epi·

639 4014 796 4109 copus
817 4014 973 4122 quam
1004 3987 1232 4083 canomci
1257 3986 1505 4085 ciuitatem
1538 4005 1776 4113 exeuntes
1797 3996 1917 4087 eam
1945 4016 2128 4119 perex-

605 4103 1130 4197 eommumeaeionem
1151 4104 1205 4198 in
1224 4116 1389 4199 certas
1412 4104 1645 4231 personas
1669 4121 1728 4203 ,et
1749 4104 2062 4205 interdictum
2081 4104 2127 4199 in

1617 3201 1710 3274 xus
1723 3168 1880 3265 subito
1894 3202 1986 3293 oce
2055 3168 2128 3295 uit
2288 3280 2289 3287 Ν

607 4218 809 4356 ,locum
816 4217 1110 4357 spiritaliter.
1151 4234 1203 4317 et
1243 4218 1400 4317 eciam
1427 4252 1519 4348 per
1553 4224 1803 4321 machinas
1834 4254 1864 4317 a
1893 4222 2061 4319 m'oute
2084 4218 2126 4314 S.
2207 4294 2208 4297 κ
2288 4342 2289 4351 Ν

620 4332 843 4463 Georgu.
860 4348 934 4431 :et
964 4335 1072 4436 aliis
1103 4334 1264 4437 modis
1288 4335 1414 4435 ⁸licet
1436 4368 1546 4439 non
1568 4340 1784 4441 multum
1811 4338 2008 4439 fortiter
2036 4336 2126 4435 eos·

520 4573 525 4581 ⁴
620 4449 739 4556 dem
771 4452 907 4591 csuea
930 4454 1142 4550 ciuiliter
1163 4457 1524 4669 impffnarunt
1554 4457 1793 4554 volebant
1816 4488 2028 4585 nempe.
2083 4484 2126 4550 e·

609 4567 744 4687 ‚dicti
774 4599 908 4667 crues
938 4570 1122 4667 habere
1153 4576 1280 4703 mag·
1320 4603 1427 4668 rum
1449 4575 1652 4679 :ciuium
1684 4574 1920 4675 Consules
1958 4590 2010 4675 et
2083 4603 2124 4667 e·

610 4701 787 4805 ¹ctores
811 4688 1024 4787 ciuitatis
1055 4688 1153 4785 ase
1170 4691 1367 4789 electos
1399 4704 1450 4788 et
1472 4689 1675 4821 stgillum
1697 4692 1904 4827 speciale
1936 4708 1989 4791 et
2011 4700 2124 4791 cam·

1873 4854 1877 4863 ,
1991 4840 2073 4940 pa,
