<?xml version="1.0" encoding="UTF-8"?>
<!DOCTYPE html PUBLIC "-//W3C//DTD XHTML 1.0 Transitional//EN"
    "http://www.w3.org/TR/xhtml1/DTD/xhtml1-transitional.dtd">
<html xmlns="http://www.w3.org/1999/xhtml" xml:lang="en" lang="en">
 <head>
  <title>
</title>
<meta http-equiv="Content-Type" content="text/html;charset=utf-8" />
  <meta name='ocr-system' content='tesseract 3.04.00' />
  <meta name='ocr-capabilities' content='ocr_page ocr_carea ocr_par ocr_line ocrx_word'/>
</head>
<body>
  <div class='ocr_page' id='page_1' title='image "./rerumavstriacar02raucgoog_0499.png"; bbox 0 0 4742 6067; ppageno 0'>
   <div class='ocr_carea' id='block_1_1' title="bbox 519 377 2083 538">
    <p class='ocr_par' dir='ltr' id='par_1_1' title="bbox 519 377 2083 538">
     <span class='ocr_line' id='line_1_1' title="bbox 519 377 2083 538; baseline 0.028 -62"><span class='ocrx_word' id='word_1_1' title='bbox 519 377 575 445; x_wconf 76' lang='lat'><strong>·&#39;</strong></span> <span class='ocrx_word' id='word_1_2' title='bbox 637 520 649 538; x_wconf 13' lang='grc' dir='ltr'><strong>ἢ</strong></span> <span class='ocrx_word' id='word_1_3' title='bbox 701 438 780 511; x_wconf 73' lang='lat' dir='ltr'><strong>aa</strong></span> <span class='ocrx_word' id='word_1_4' title='bbox 861 380 1984 523; x_wconf 74' lang='lat' dir='ltr'><strong>rx.cnn.on1&#39;cunrnnnncnnsr.,</strong></span> <span class='ocrx_word' id='word_1_5' title='bbox 2075 508 2083 519; x_wconf 92' lang='lat'>.</span> 
     </span>
    </p>
   </div>
   <div class='ocr_carea' id='block_1_2' title="bbox 648 602 2239 761">
    <p class='ocr_par' dir='ltr' id='par_1_2' title="bbox 648 602 2239 761">
     <span class='ocr_line' id='line_1_2' title="bbox 648 602 2239 761; baseline 0.021 -46"><span class='ocrx_word' id='word_1_6' title='bbox 648 622 822 716; x_wconf 88' lang='lat' dir='ltr'><strong>secum</strong></span> <span class='ocrx_word' id='word_1_7' title='bbox 846 621 897 715; x_wconf 92' lang='lat' dir='ltr'><strong>in</strong></span> <span class='ocrx_word' id='word_1_8' title='bbox 923 602 1246 761; x_wconf 81' lang='lat' dir='ltr'><strong>oppostionis</strong></span> <span class='ocrx_word' id='word_1_9' title='bbox 1271 637 1322 718; x_wconf 89' lang='lat' dir='ltr'><strong>et</strong></span> <span class='ocrx_word' id='word_1_10' title='bbox 1343 622 1585 757; x_wconf 86' lang='lat' dir='ltr'><strong>fidefragii</strong></span> <span class='ocrx_word' id='word_1_11' title='bbox 1615 608 2158 749; x_wconf 57' lang='lat' dir='ltr'><strong>incentiuo&#39;Heinr&#39;icum</strong></span> <span class='ocrx_word' id='word_1_12' title='bbox 2238 732 2239 735; x_wconf 8' lang='grc' dir='ltr'><strong><em>κ</em></strong></span> 
     </span>
    </p>
   </div>
   <div class='ocr_carea' id='block_1_3' title="bbox 654 734 2157 1117">
    <p class='ocr_par' dir='ltr' id='par_1_3' title="bbox 654 734 2157 1117">
     <span class='ocr_line' id='line_1_3' title="bbox 655 734 2156 902; baseline 0.02 -67"><span class='ocrx_word' id='word_1_13' title='bbox 655 737 836 835; x_wconf 89' lang='lat' dir='ltr'><strong>ducem</strong></span> <span class='ocrx_word' id='word_1_14' title='bbox 860 734 1080 836; x_wconf 87' lang='lat' dir='ltr'><strong>bawane</strong></span> <span class='ocrx_word' id='word_1_15' title='bbox 1095 740 1417 867; x_wconf 88' lang='lat' dir='ltr'><strong>complicem,</strong></span> <span class='ocrx_word' id='word_1_16' title='bbox 1440 747 1525 871; x_wconf 91' lang='lat' dir='ltr'><strong>qui</strong></span> <span class='ocrx_word' id='word_1_17' title='bbox 1546 746 1723 873; x_wconf 87' lang='lat' dir='ltr'><strong>ardore</strong></span> <span class='ocrx_word' id='word_1_18' title='bbox 1738 752 1831 893; x_wconf 75' lang='lat' dir='ltr'><strong>sitis</strong></span> <span class='ocrx_word' id='word_1_19' title='bbox 1853 778 2078 902; x_wconf 81' lang='lat' dir='ltr'><strong>argentee</strong></span> <span class='ocrx_word' id='word_1_20' title='bbox 2097 773 2156 865; x_wconf 89' lang='lat' dir='ltr'><strong>in·</strong></span> 
     </span>
     <span class='ocr_line' id='line_1_4' title="bbox 654 856 2157 991; baseline 0.023 -41"><span class='ocrx_word' id='word_1_21' title='bbox 654 858 808 952; x_wconf 90' lang='lat' dir='ltr'><strong>terius</strong></span> <span class='ocrx_word' id='word_1_22' title='bbox 838 856 1072 960; x_wconf 79' lang='lat' dir='ltr'><strong>estuabat.</strong></span> <span class='ocrx_word' id='word_1_23' title='bbox 1113 856 1254 955; x_wconf 89' lang='lat' dir='ltr'><strong>Idem</strong></span> <span class='ocrx_word' id='word_1_24' title='bbox 1278 890 1492 988; x_wconf 93' lang='lat' dir='ltr'><strong>namque</strong></span> <span class='ocrx_word' id='word_1_25' title='bbox 1516 864 1639 961; x_wconf 87' lang='lat' dir='ltr'><strong>Dux</strong></span> <span class='ocrx_word' id='word_1_26' title='bbox 1662 866 1778 965; x_wconf 82' lang='lat' dir='ltr'><strong>fider</strong></span> <span class='ocrx_word' id='word_1_27' title='bbox 1802 874 1881 971; x_wconf 91' lang='lat' dir='ltr'><strong>sue</strong></span> <span class='ocrx_word' id='word_1_28' title='bbox 1906 904 2157 991; x_wconf 80' lang='lat' dir='ltr'><strong>iuramenta</strong></span> 
     </span>
     <span class='ocr_line' id='line_1_5' title="bbox 654 975 2156 1117; baseline 0.02 -47"><span class='ocrx_word' id='word_1_29' title='bbox 654 978 713 1115; x_wconf 66' lang='lat' dir='ltr'><strong>in·</strong></span> <span class='ocrx_word' id='word_1_30' title='bbox 730 975 1138 1115; x_wconf 80' lang='lat' dir='ltr'><strong>quibuspublice</strong></span> <span class='ocrx_word' id='word_1_31' title='bbox 1160 977 1210 1071; x_wconf 92' lang='lat' dir='ltr'><strong>se</strong></span> <span class='ocrx_word' id='word_1_32' title='bbox 1232 979 1338 1117; x_wconf 76' lang='lat' dir='ltr'><strong>regi</strong></span> <span class='ocrx_word' id='word_1_33' title='bbox 1362 980 1713 1081; x_wconf 81' lang='lat' dir='ltr'><strong>constrinxerat</strong></span> <span class='ocrx_word' id='word_1_34' title='bbox 1730 988 2066 1098; x_wconf 87' lang='lat' dir='ltr'><strong>Romanorum</strong></span> <span class='ocrx_word' id='word_1_35' title='bbox 2083 1004 2156 1101; x_wconf 91' lang='lat' dir='ltr'><strong>hu·</strong></span> 
     </span>
    </p>
   </div>
   <div class='ocr_carea' id='block_1_4' title="bbox 650 1092 2301 1319">
    <p class='ocr_par' dir='ltr' id='par_1_4' title="bbox 650 1092 2301 1319">
     <span class='ocr_line' id='line_1_6' title="bbox 650 1092 2301 1319; baseline 0.016 -132"><span class='ocrx_word' id='word_1_36' title='bbox 650 1126 731 1189; x_wconf 84' lang='lat' dir='ltr'><strong>rus</strong></span> <span class='ocrx_word' id='word_1_37' title='bbox 747 1095 869 1189; x_wconf 89' lang='lat' dir='ltr'><strong>cons</strong></span> <span class='ocrx_word' id='word_1_38' title='bbox 900 1092 1135 1192; x_wconf 85' lang='lat' dir='ltr'><strong>iracronis</strong></span> <span class='ocrx_word' id='word_1_39' title='bbox 1158 1092 1346 1193; x_wconf 81' lang='lat' dir='ltr'><strong>duncla</strong></span> <span class='ocrx_word' id='word_1_40' title='bbox 1358 1098 1565 1196; x_wconf 86' lang='lat' dir='ltr'><strong>uiolauit</strong></span> <span class='ocrx_word' id='word_1_41' title='bbox 1589 1102 1781 1319; x_wconf 49' lang='lat' dir='ltr'><strong>ariorici</strong></span> <span class='ocrx_word' id='word_1_42' title='bbox 1793 1117 1994 1241; x_wconf 89' lang='lat' dir='ltr'><strong>copiam</strong></span> <span class='ocrx_word' id='word_1_43' title='bbox 2017 1134 2065 1215; x_wconf 90' lang='lat' dir='ltr'><strong>et</strong></span> <span class='ocrx_word' id='word_1_44' title='bbox 2076 1123 2157 1223; x_wconf 85' lang='lat' dir='ltr'><strong>alia</strong></span> <span class='ocrx_word' id='word_1_45' title='bbox 2298 1205 2301 1213; x_wconf 90' lang='lat'>.</span> 
     </span>
    </p>
   </div>
   <div class='ocr_carea' id='block_1_5' title="bbox 654 1210 2156 1574">
    <p class='ocr_par' dir='ltr' id='par_1_5' title="bbox 654 1210 2156 1574">
     <span class='ocr_line' id='line_1_7' title="bbox 655 1210 2155 1359; baseline 0.021 -55"><span class='ocrx_word' id='word_1_46' title='bbox 655 1210 813 1306; x_wconf 86' lang='lat' dir='ltr'><strong>multa</strong></span> <span class='ocrx_word' id='word_1_47' title='bbox 883 1213 1057 1307; x_wconf 80' lang='lat' dir='ltr'><strong>ortaria</strong></span> <span class='ocrx_word' id='word_1_48' title='bbox 1088 1214 1140 1307; x_wconf 93' lang='lat' dir='ltr'><strong>in</strong></span> <span class='ocrx_word' id='word_1_49' title='bbox 1162 1210 1412 1339; x_wconf 85' lang='lat' dir='ltr'><strong>stipendiis</strong></span> <span class='ocrx_word' id='word_1_50' title='bbox 1433 1246 1463 1311; x_wconf 87' lang='lat' dir='ltr'><strong>a</strong></span> <span class='ocrx_word' id='word_1_51' title='bbox 1485 1216 1626 1347; x_wconf 88' lang='lat' dir='ltr'><strong>Rege</strong></span> <span class='ocrx_word' id='word_1_52' title='bbox 1685 1224 1882 1325; x_wconf 87' lang='lat' dir='ltr'><strong>ohemie</strong></span> <span class='ocrx_word' id='word_1_53' title='bbox 1909 1250 2155 1359; x_wconf 84' lang='lat' dir='ltr'><strong>prenotato</strong></span> 
     </span>
     <span class='ocr_line' id='line_1_8' title="bbox 655 1324 2155 1479; baseline 0.017 -52"><span class='ocrx_word' id='word_1_54' title='bbox 655 1330 906 1456; x_wconf 87' lang='lat' dir='ltr'><strong>accipiens</strong></span> <span class='ocrx_word' id='word_1_55' title='bbox 934 1324 1323 1428; x_wconf 86' lang='lat' dir='ltr'><strong>destruccionem</strong></span> <span class='ocrx_word' id='word_1_56' title='bbox 1349 1347 1401 1427; x_wconf 90' lang='lat' dir='ltr'><strong>et</strong></span> <span class='ocrx_word' id='word_1_57' title='bbox 1420 1334 1615 1433; x_wconf 86' lang='lat' dir='ltr'><strong>infidias</strong></span> <span class='ocrx_word' id='word_1_58' title='bbox 1637 1341 1833 1467; x_wconf 90' lang='lat' dir='ltr'><strong>prefato</strong></span> <span class='ocrx_word' id='word_1_59' title='bbox 1846 1346 1977 1479; x_wconf 88' lang='lat' dir='ltr'><strong>Regi</strong></span> <span class='ocrx_word' id='word_1_60' title='bbox 1995 1354 2155 1453; x_wconf 88' lang='lat' dir='ltr'><strong>Roma·</strong></span> 
     </span>
     <span class='ocr_line' id='line_1_9' title="bbox 654 1446 2156 1574; baseline 0.021 -34"><span class='ocrx_word' id='word_1_61' title='bbox 654 1478 848 1544; x_wconf 90' lang='lat' dir='ltr'><strong>norum.</strong></span> <span class='ocrx_word' id='word_1_62' title='bbox 898 1449 1036 1542; x_wconf 92' lang='lat' dir='ltr'><strong>omni</strong></span> <span class='ocrx_word' id='word_1_63' title='bbox 1066 1446 1383 1573; x_wconf 85' lang='lat' dir='ltr'><strong>possibilitate</strong></span> <span class='ocrx_word' id='word_1_64' title='bbox 1416 1453 1604 1550; x_wconf 88' lang='lat' dir='ltr'><strong>suarum</strong></span> <span class='ocrx_word' id='word_1_65' title='bbox 1648 1459 1824 1558; x_wconf 91' lang='lat' dir='ltr'><strong>uirium</strong></span> <span class='ocrx_word' id='word_1_66' title='bbox 1857 1472 2156 1574; x_wconf 81' lang='lat' dir='ltr'><strong>machinatur.</strong></span> 
     </span>
    </p>
   </div>
   <div class='ocr_carea' id='block_1_6' title="bbox 657 1562 2157 1781">
    <p class='ocr_par' dir='ltr' id='par_1_6' title="bbox 657 1562 2157 1781">
     <span class='ocr_line' id='line_1_10' title="bbox 657 1562 2157 1781; baseline 0.021 -123"><span class='ocrx_word' id='word_1_67' title='bbox 657 1562 889 1671; x_wconf 84' lang='lat' dir='ltr'><strong>Tandem</strong></span> <span class='ocrx_word' id='word_1_68' title='bbox 912 1594 1007 1703; x_wconf 86' lang='lat' dir='ltr'><strong>per</strong></span> <span class='ocrx_word' id='word_1_69' title='bbox 1043 1568 1235 1693; x_wconf 84' lang='lat' dir='ltr'><strong>argenti</strong></span> <span class='ocrx_word' id='word_1_70' title='bbox 1268 1564 1469 1781; x_wconf 52' lang='lat' dir='ltr'><strong>zluridn</strong></span> <span class='ocrx_word' id='word_1_71' title='bbox 1509 1572 1779 1675; x_wconf 87' lang='lat' dir='ltr'><strong>missionem</strong></span> <span class='ocrx_word' id='word_1_72' title='bbox 1812 1590 2088 1695; x_wconf 77' lang='lat' dir='ltr'><strong>tenentibus</strong></span> <span class='ocrx_word' id='word_1_73' title='bbox 2115 1609 2157 1689; x_wconf 93' lang='lat' dir='ltr'><strong>et</strong></span> 
     </span>
     <span class='ocr_line' id='line_1_11' title="bbox 1252 1716 1301 1780; baseline 0.02 -30"><span class='ocrx_word' id='word_1_74' title='bbox 1252 1716 1279 1780; x_wconf 67' lang='lat' dir='ltr'><strong>e</strong></span> <span class='ocrx_word' id='word_1_75' title='bbox 1296 1741 1301 1751; x_wconf 89' lang='lat'>.</span> 
     </span>
    </p>
   </div>
   <div class='ocr_carea' id='block_1_7' title="bbox 657 1681 2156 1819">
    <p class='ocr_par' dir='ltr' id='par_1_7' title="bbox 657 1681 2156 1819">
     <span class='ocr_line' id='line_1_12' title="bbox 657 1681 2156 1819; baseline 0.021 -44"><span class='ocrx_word' id='word_1_76' title='bbox 657 1682 833 1784; x_wconf 87' lang='lat' dir='ltr'><strong>sweuis</strong></span> <span class='ocrx_word' id='word_1_77' title='bbox 859 1682 1104 1819; x_wconf 79' lang='lat' dir='ltr'><strong>aquuibus</strong></span> <span class='ocrx_word' id='word_1_78' title='bbox 1129 1681 1249 1779; x_wconf 86' lang='lat' dir='ltr'><strong>infid</strong></span> <span class='ocrx_word' id='word_1_79' title='bbox 1319 1684 1410 1781; x_wconf 90' lang='lat' dir='ltr'><strong>bus</strong></span> <span class='ocrx_word' id='word_1_80' title='bbox 1436 1702 1487 1783; x_wconf 92' lang='lat' dir='ltr'><strong>et</strong></span> <span class='ocrx_word' id='word_1_81' title='bbox 1510 1695 1695 1810; x_wconf 90' lang='lat' dir='ltr'><strong>auaris,</strong></span> <span class='ocrx_word' id='word_1_82' title='bbox 1727 1697 1800 1793; x_wconf 87' lang='lat' dir='ltr'><strong>ab·</strong></span> <span class='ocrx_word' id='word_1_83' title='bbox 1812 1706 1997 1815; x_wconf 90' lang='lat' dir='ltr'><strong>auxilio</strong></span> <span class='ocrx_word' id='word_1_84' title='bbox 2018 1740 2156 1805; x_wconf 92' lang='lat' dir='ltr'><strong>roma·</strong></span> 
     </span>
    </p>
   </div>
   <div class='ocr_carea' id='block_1_8' title="bbox 377 1802 2302 2645">
    <p class='ocr_par' dir='ltr' id='par_1_8' title="bbox 377 1802 2157 2171">
     <span class='ocr_line' id='line_1_13' title="bbox 656 1802 2157 1929; baseline 0.021 -36"><span class='ocrx_word' id='word_1_85' title='bbox 656 1830 836 1896; x_wconf 90' lang='lat' dir='ltr'><strong>norum</strong></span> <span class='ocrx_word' id='word_1_86' title='bbox 865 1829 997 1926; x_wconf 79' lang='lat' dir='ltr'><strong>regis</strong></span> <span class='ocrx_word' id='word_1_87' title='bbox 1027 1804 1274 1897; x_wconf 70' lang='lat' dir='ltr'><strong>retractis</strong></span> <span class='ocrx_word' id='word_1_88' title='bbox 1315 1802 1569 1929; x_wconf 88' lang='lat' dir='ltr'><strong>predictus</strong></span> <span class='ocrx_word' id='word_1_89' title='bbox 1605 1809 1803 1911; x_wconf 92' lang='lat' dir='ltr'><strong>boemie</strong></span> <span class='ocrx_word' id='word_1_90' title='bbox 1832 1818 1921 1917; x_wconf 84' lang='lat' dir='ltr'><strong>rex</strong></span> <span class='ocrx_word' id='word_1_91' title='bbox 1959 1824 2157 1923; x_wconf 84' lang='lat' dir='ltr'><strong>austriam</strong></span> 
     </span>
     <span class='ocr_line' id='line_1_14' title="bbox 657 1919 2155 2063; baseline 0.027 -62"><span class='ocrx_word' id='word_1_92' title='bbox 657 1919 863 2020; x_wconf 73' lang='lat' dir='ltr'><strong>intrauit</strong></span> <span class='ocrx_word' id='word_1_93' title='bbox 881 1948 994 2021; x_wconf 89' lang='lat' dir='ltr'><strong>cum</strong></span> <span class='ocrx_word' id='word_1_94' title='bbox 1023 1934 1323 2014; x_wconf 89' lang='lat' dir='ltr'><strong>armatorum</strong></span> <span class='ocrx_word' id='word_1_95' title='bbox 1347 1920 1673 2025; x_wconf 83' lang='lat' dir='ltr'><strong>multitudine</strong></span> <span class='ocrx_word' id='word_1_96' title='bbox 1709 1936 1918 2063; x_wconf 83' lang='lat' dir='ltr'><strong>copiosa.</strong></span> <span class='ocrx_word' id='word_1_97' title='bbox 1953 1944 2155 2043; x_wconf 88' lang='lat' dir='ltr'><strong>ciuitates</strong></span> 
     </span>
     <span class='ocr_line' id='line_1_15' title="bbox 377 2030 2155 2171; baseline 0.018 -42"><span class='ocrx_word' id='word_1_98' title='bbox 377 2124 381 2129; x_wconf 83' lang='grc'><em>,</em></span> <span class='ocrx_word' id='word_1_99' title='bbox 589 2101 592 2107; x_wconf 88' lang='grc'>-</span> <span class='ocrx_word' id='word_1_100' title='bbox 656 2033 851 2161; x_wconf 87' lang='lat' dir='ltr'><strong>aliquas</strong></span> <span class='ocrx_word' id='word_1_101' title='bbox 883 2048 934 2129; x_wconf 90' lang='lat' dir='ltr'><strong>et</strong></span> <span class='ocrx_word' id='word_1_102' title='bbox 958 2030 1107 2128; x_wconf 87' lang='lat' dir='ltr'><strong>callra</strong></span> <span class='ocrx_word' id='word_1_103' title='bbox 1128 2032 1367 2133; x_wconf 82' lang='lat' dir='ltr'><strong>hostiliter</strong></span> <span class='ocrx_word' id='word_1_104' title='bbox 1389 2068 1451 2133; x_wconf 85' lang='lat' dir='ltr'><strong>ex</strong></span> <span class='ocrx_word' id='word_1_105' title='bbox 1488 2045 1736 2171; x_wconf 85' lang='lat' dir='ltr'><strong>ugnaudo.</strong></span> <span class='ocrx_word' id='word_1_106' title='bbox 1797 2052 1887 2151; x_wconf 94' lang='lat' dir='ltr'><strong>Cui</strong></span> <span class='ocrx_word' id='word_1_107' title='bbox 1920 2056 2155 2161; x_wconf 89' lang='lat' dir='ltr'><strong>Romano·</strong></span> 
     </span>
    </p>

    <p class='ocr_par' dir='ltr' id='par_1_9' title="bbox 483 2149 2302 4169">
     <span class='ocr_line' id='line_1_16' title="bbox 656 2149 2153 2282; baseline 0.023 -38"><span class='ocrx_word' id='word_1_108' title='bbox 656 2180 766 2245; x_wconf 92' lang='lat' dir='ltr'><strong>rum</strong></span> <span class='ocrx_word' id='word_1_109' title='bbox 799 2182 888 2248; x_wconf 88' lang='lat' dir='ltr'><strong>rex</strong></span> <span class='ocrx_word' id='word_1_110' title='bbox 918 2149 1170 2247; x_wconf 88' lang='lat' dir='ltr'><strong>Rudolfns</strong></span> <span class='ocrx_word' id='word_1_111' title='bbox 1198 2152 1399 2279; x_wconf 87' lang='lat' dir='ltr'><strong>sperans</strong></span> <span class='ocrx_word' id='word_1_112' title='bbox 1472 2188 1500 2253; x_wconf 92' lang='lat' dir='ltr'><strong>e</strong></span> <span class='ocrx_word' id='word_1_113' title='bbox 1533 2164 1865 2268; x_wconf 80' lang='lat' dir='ltr'><strong>misericordia</strong></span> <span class='ocrx_word' id='word_1_114' title='bbox 1899 2192 1954 2273; x_wconf 90' lang='lat' dir='ltr'><strong>et</strong></span> <span class='ocrx_word' id='word_1_115' title='bbox 1992 2181 2153 2282; x_wconf 84' lang='lat' dir='ltr'><strong>auxilio</strong></span> 
     </span>
     <span class='ocr_line' id='line_1_17' title="bbox 483 2265 2153 2421; baseline 0.018 -55"><span class='ocrx_word' id='word_1_116' title='bbox 483 2265 486 2269; x_wconf 69' lang='grc'><strong>’</strong></span> <span class='ocrx_word' id='word_1_117' title='bbox 654 2269 827 2370; x_wconf 83' lang='lat' dir='ltr'><strong>summi</strong></span> <span class='ocrx_word' id='word_1_118' title='bbox 850 2270 984 2396; x_wconf 85' lang='lat' dir='ltr'><strong>regis</strong></span> <span class='ocrx_word' id='word_1_119' title='bbox 1004 2269 1213 2366; x_wconf 89' lang='lat' dir='ltr'><strong>uiriliter</strong></span> <span class='ocrx_word' id='word_1_120' title='bbox 1238 2272 1479 2391; x_wconf 83' lang='lat' dir='ltr'><strong>obuiauit,</strong></span> <span class='ocrx_word' id='word_1_121' title='bbox 1504 2276 1694 2379; x_wconf 89' lang='lat' dir='ltr'><strong>habens</strong></span> <span class='ocrx_word' id='word_1_122' title='bbox 1719 2287 1772 2380; x_wconf 93' lang='lat' dir='ltr'><strong>in</strong></span> <span class='ocrx_word' id='word_1_123' title='bbox 1797 2294 1985 2392; x_wconf 89' lang='lat' dir='ltr'><strong>auxilio</strong></span> <span class='ocrx_word' id='word_1_124' title='bbox 2007 2328 2153 2421; x_wconf 75' lang='lat' dir='ltr'><strong>regem</strong></span> 
     </span>
     <span class='ocr_line' id='line_1_18' title="bbox 655 2378 2302 2533; baseline 0.022 -53"><span class='ocrx_word' id='word_1_125' title='bbox 655 2389 859 2514; x_wconf 85' lang='lat' dir='ltr'><strong>ungarie</strong></span> <span class='ocrx_word' id='word_1_126' title='bbox 879 2403 1149 2513; x_wconf 84' lang='lat' dir='ltr'><strong>regemque</strong></span> <span class='ocrx_word' id='word_1_127' title='bbox 1177 2385 1538 2528; x_wconf 88' lang='lat' dir='ltr'><strong>Comanorum,</strong></span> <span class='ocrx_word' id='word_1_128' title='bbox 1563 2398 1761 2528; x_wconf 82' lang='lat' dir='ltr'><strong>insuper</strong></span> <span class='ocrx_word' id='word_1_129' title='bbox 1783 2408 1983 2509; x_wconf 90' lang='lat' dir='ltr'><strong>nobiles</strong></span> <span class='ocrx_word' id='word_1_130' title='bbox 2005 2414 2152 2513; x_wconf 85' lang='lat' dir='ltr'><strong>austrie</strong></span> <span class='ocrx_word' id='word_1_131' title='bbox 2290 2378 2302 2533; x_wconf 68' lang='lat' dir='ltr'><strong>l</strong></span> 
     </span>
     <span class='ocr_line' id='line_1_19' title="bbox 657 2504 2151 2645; baseline 0.021 -46"><span class='ocrx_word' id='word_1_132' title='bbox 657 2514 710 2599; x_wconf 88' lang='lat' dir='ltr'><strong>et</strong></span> <span class='ocrx_word' id='word_1_133' title='bbox 752 2504 918 2639; x_wconf 85' lang='lat' dir='ltr'><strong>Styrie</strong></span> <span class='ocrx_word' id='word_1_134' title='bbox 962 2504 1233 2600; x_wconf 81' lang='lat' dir='ltr'><strong>uniuersos.</strong></span> <span class='ocrx_word' id='word_1_135' title='bbox 1260 2522 1554 2645; x_wconf 84' lang='lat' dir='ltr'><strong>partemque</strong></span> <span class='ocrx_word' id='word_1_136' title='bbox 1599 2518 1848 2619; x_wconf 85' lang='lat' dir='ltr'><strong>modicam</strong></span> <span class='ocrx_word' id='word_1_137' title='bbox 1893 2532 2151 2633; x_wconf 82' lang='lat' dir='ltr'><strong>saeuorum.</strong></span> 
     </span>
    </p>
   </div>
   <div class='ocr_carea' id='block_1_9' title="bbox 654 2619 2152 2867">
    <p class='ocr_par' dir='ltr' id='par_1_10' title="bbox 654 2619 2152 2867">
     <span class='ocr_line' id='line_1_20' title="bbox 656 2619 2152 2751; baseline 0.02 -35"><span class='ocrx_word' id='word_1_138' title='bbox 656 2619 949 2751; x_wconf 74' lang='lat' dir='ltr'><strong>congressus</strong></span> <span class='ocrx_word' id='word_1_139' title='bbox 970 2622 1140 2747; x_wconf 85' lang='lat' dir='ltr'><strong>itaque</strong></span> <span class='ocrx_word' id='word_1_140' title='bbox 1161 2619 1394 2720; x_wconf 82' lang='lat' dir='ltr'><strong>dunffimi</strong></span> <span class='ocrx_word' id='word_1_141' title='bbox 1416 2635 1693 2731; x_wconf 84' lang='lat' dir='ltr'><strong>certaminis</strong></span> <span class='ocrx_word' id='word_1_142' title='bbox 1708 2648 2031 2747; x_wconf 88' lang='lat' dir='ltr'><strong>committitur</strong></span> <span class='ocrx_word' id='word_1_143' title='bbox 2042 2654 2152 2747; x_wconf 91' lang='lat' dir='ltr'><strong>inter</strong></span> 
     </span>
     <span class='ocr_line' id='line_1_21' title="bbox 654 2738 2151 2867; baseline 0.021 -34"><span class='ocrx_word' id='word_1_144' title='bbox 654 2740 799 2866; x_wconf 89' lang='lat' dir='ltr'><strong>ipsos.</strong></span> <span class='ocrx_word' id='word_1_145' title='bbox 857 2738 971 2837; x_wconf 86' lang='lat' dir='ltr'><strong>Rex</strong></span> <span class='ocrx_word' id='word_1_146' title='bbox 1002 2738 1201 2835; x_wconf 92' lang='lat' dir='ltr'><strong>boemie</strong></span> <span class='ocrx_word' id='word_1_147' title='bbox 1238 2772 1351 2837; x_wconf 90' lang='lat' dir='ltr'><strong>cum</strong></span> <span class='ocrx_word' id='word_1_148' title='bbox 1384 2744 1481 2842; x_wconf 90' lang='lat' dir='ltr'><strong>suis</strong></span> <span class='ocrx_word' id='word_1_149' title='bbox 1511 2751 1725 2850; x_wconf 89' lang='lat' dir='ltr'><strong>uincitur</strong></span> <span class='ocrx_word' id='word_1_150' title='bbox 1759 2773 1812 2854; x_wconf 92' lang='lat' dir='ltr'><strong>et</strong></span> <span class='ocrx_word' id='word_1_151' title='bbox 1846 2767 2151 2867; x_wconf 88' lang='lat' dir='ltr'><strong>occiditurin</strong></span> 
     </span>
    </p>
   </div>
   <div class='ocr_carea' id='block_1_10' title="bbox 395 2859 2150 3009">
    <p class='ocr_par' dir='ltr' id='par_1_11' title="bbox 395 2859 2150 3009">
     <span class='ocr_line' id='line_1_22' title="bbox 395 2859 2150 3009; baseline 0.011 -66"><span class='ocrx_word' id='word_1_152' title='bbox 395 2936 403 2943; x_wconf 85' lang='lat'><strong>.</strong></span> <span class='ocrx_word' id='word_1_153' title='bbox 556 2974 559 2977; x_wconf 15' lang='grc' dir='ltr'>Ι</span> <span class='ocrx_word' id='word_1_154' title='bbox 654 2872 912 2955; x_wconf 91' lang='lat' dir='ltr'><strong>momento</strong></span> <span class='ocrx_word' id='word_1_155' title='bbox 925 2859 1172 2955; x_wconf 83' lang='lat' dir='ltr'><strong>exercitus</strong></span> <span class='ocrx_word' id='word_1_156' title='bbox 1185 2859 1293 2955; x_wconf 90' lang='lat' dir='ltr'><strong>eius</strong></span> <span class='ocrx_word' id='word_1_157' title='bbox 1307 2890 1591 3003; x_wconf 81' lang='lat' dir='ltr'><strong>promagna</strong></span> <span class='ocrx_word' id='word_1_158' title='bbox 1596 2889 1744 3009; x_wconf 76' lang='lat' dir='ltr'><strong>parte</strong></span> <span class='ocrx_word' id='word_1_159' title='bbox 1759 2877 2059 2981; x_wconf 84' lang='lat' dir='ltr'><strong>interficitur.</strong></span> <span class='ocrx_word' id='word_1_160' title='bbox 2081 2886 2150 2982; x_wconf 90' lang='lat' dir='ltr'><strong>ali.</strong></span> 
     </span>
    </p>
   </div>
   <div class='ocr_carea' id='block_1_11' title="bbox 654 2975 2151 3231">
    <p class='ocr_par' dir='ltr' id='par_1_12' title="bbox 654 2975 2151 3231">
     <span class='ocr_line' id='line_1_23' title="bbox 655 2975 2151 3115; baseline 0.023 -48"><span class='ocrx_word' id='word_1_161' title='bbox 655 3004 755 3098; x_wconf 91' lang='lat' dir='ltr'><strong>qua</strong></span> <span class='ocrx_word' id='word_1_162' title='bbox 774 3006 889 3103; x_wconf 88' lang='lat' dir='ltr'><strong>pars</strong></span> <span class='ocrx_word' id='word_1_163' title='bbox 907 2975 1234 3104; x_wconf 84' lang='lat' dir='ltr'><strong>submergitur</strong></span> <span class='ocrx_word' id='word_1_164' title='bbox 1255 2978 1457 3104; x_wconf 81' lang='lat' dir='ltr'><strong>plurimi</strong></span> <span class='ocrx_word' id='word_1_165' title='bbox 1477 3000 1806 3115; x_wconf 82' lang='lat' dir='ltr'><strong>capnuantur.</strong></span> <span class='ocrx_word' id='word_1_166' title='bbox 1836 3032 2067 3103; x_wconf 90' lang='lat' dir='ltr'><strong>romanus</strong></span> <span class='ocrx_word' id='word_1_167' title='bbox 2078 3032 2151 3101; x_wconf 86' lang='lat' dir='ltr'><strong>rex</strong></span> 
     </span>
     <span class='ocr_line' id='line_1_24' title="bbox 654 3090 1923 3231; baseline 0.02 -43"><span class='ocrx_word' id='word_1_168' title='bbox 654 3090 749 3191; x_wconf 87' lang='lat' dir='ltr'><strong>bac</strong></span> <span class='ocrx_word' id='word_1_169' title='bbox 773 3096 964 3220; x_wconf 87' lang='lat' dir='ltr'><strong>potitus</strong></span> <span class='ocrx_word' id='word_1_170' title='bbox 987 3094 1200 3191; x_wconf 86' lang='lat' dir='ltr'><strong>uictoria</strong></span> <span class='ocrx_word' id='word_1_171' title='bbox 1221 3092 1526 3231; x_wconf 86' lang='lat' dir='ltr'><strong>sollemniter</strong></span> <span class='ocrx_word' id='word_1_172' title='bbox 1550 3104 1821 3212; x_wconf 89' lang='lat' dir='ltr'><strong>redimitur.</strong></span> <span class='ocrx_word' id='word_1_173' title='bbox 1920 3148 1923 3153; x_wconf 85' lang='lat'>·</span> 
     </span>
    </p>
   </div>
   <div class='ocr_carea' id='block_1_12' title="bbox 634 3236 2150 4283">
    <p class='ocr_par' dir='ltr' id='par_1_13' title="bbox 1138 3236 1970 3328">
     <span class='ocr_line' id='line_1_25' title="bbox 1138 3236 1970 3328; baseline 0.019 -14"><span class='ocrx_word' id='word_1_174' title='bbox 1138 3236 1186 3315; x_wconf 79' lang='lat' dir='ltr'><strong>In</strong></span> <span class='ocrx_word' id='word_1_175' title='bbox 1209 3258 1296 3315; x_wconf 77' lang='lat' dir='ltr'><strong>mur</strong></span> <span class='ocrx_word' id='word_1_176' title='bbox 1321 3236 1385 3315; x_wconf 79' lang='lat' dir='ltr'><strong>ine</strong></span> <span class='ocrx_word' id='word_1_177' title='bbox 1409 3242 1534 3319; x_wconf 71' lang='lat' dir='ltr'><strong>eadem</strong></span> <span class='ocrx_word' id='word_1_178' title='bbox 1558 3272 1675 3328; x_wconf 80' lang='lat' dir='ltr'><strong>manu</strong></span> <span class='ocrx_word' id='word_1_179' title='bbox 1690 3282 1703 3326; x_wconf 92' lang='lat'><strong>.·</strong></span> <span class='ocrx_word' id='word_1_180' title='bbox 1965 3320 1970 3327; x_wconf 95' lang='lat'>.</span> 
     </span>
    </p>

    <p class='ocr_par' dir='ltr' id='par_1_14' title="bbox 729 3258 2040 3686">
     <span class='ocr_line' id='line_1_26' title="bbox 729 3258 2040 3451; baseline 0.027 -30"><span class='ocrx_word' id='word_1_181' title='bbox 729 3382 736 3395; x_wconf 82' lang='lat'>·</span> <span class='ocrx_word' id='word_1_182' title='bbox 844 3328 953 3425; x_wconf 88' lang='lat' dir='ltr'><strong>Tot</strong></span> <span class='ocrx_word' id='word_1_183' title='bbox 974 3327 1133 3424; x_wconf 79' lang='lat' dir='ltr'><strong>christi</strong></span> <span class='ocrx_word' id='word_1_184' title='bbox 1151 3334 1257 3427; x_wconf 88' lang='lat' dir='ltr'><strong>nati</strong></span> <span class='ocrx_word' id='word_1_185' title='bbox 1280 3258 1480 3435; x_wconf 53' lang='lat' dir='ltr'><strong>ignerant</strong></span> <span class='ocrx_word' id='word_1_186' title='bbox 1501 3345 1618 3436; x_wconf 90' lang='lat' dir='ltr'><strong>anni</strong></span> <span class='ocrx_word' id='word_1_187' title='bbox 1642 3354 1887 3451; x_wconf 88' lang='lat' dir='ltr'><strong>numerati</strong></span> <span class='ocrx_word' id='word_1_188' title='bbox 2034 3414 2040 3424; x_wconf 57' lang='lat'><em>2</em></span> 
     </span>
     <span class='ocr_line' id='line_1_27' title="bbox 843 3442 2036 3600; baseline 0.028 -58"><span class='ocrx_word' id='word_1_189' title='bbox 843 3442 991 3551; x_wconf 89' lang='lat' dir='ltr'><strong>Mille</strong></span> <span class='ocrx_word' id='word_1_190' title='bbox 1015 3444 1286 3543; x_wconf 86' lang='lat' dir='ltr'><strong>dueenteni</strong></span> <span class='ocrx_word' id='word_1_191' title='bbox 1308 3446 1476 3549; x_wconf 89' lang='lat' dir='ltr'><strong>decies</strong></span> <span class='ocrx_word' id='word_1_192' title='bbox 1499 3456 1582 3552; x_wconf 89' lang='lat' dir='ltr'><strong>sex</strong></span> <span class='ocrx_word' id='word_1_193' title='bbox 1604 3479 1683 3600; x_wconf 68' lang='lat' dir='ltr'><strong>ter</strong></span> <span class='ocrx_word' id='word_1_194' title='bbox 1705 3500 1917 3599; x_wconf 80' lang='lat' dir='ltr'><strong>quoque</strong></span> <span class='ocrx_word' id='word_1_195' title='bbox 1931 3472 2036 3575; x_wconf 90' lang='lat' dir='ltr'><strong>seni</strong></span> 
     </span>
     <span class='ocr_line' id='line_1_28' title="bbox 844 3563 2002 3686; baseline 0.027 -27"><span class='ocrx_word' id='word_1_196' title='bbox 844 3563 971 3660; x_wconf 89' lang='lat' dir='ltr'><strong>Cum</strong></span> <span class='ocrx_word' id='word_1_197' title='bbox 989 3595 1080 3661; x_wconf 81' lang='lat' dir='ltr'><strong>rex</strong></span> <span class='ocrx_word' id='word_1_198' title='bbox 1103 3566 1337 3663; x_wconf 85' lang='lat' dir='ltr'><strong>otakarus</strong></span> <span class='ocrx_word' id='word_1_199' title='bbox 1359 3572 1696 3679; x_wconf 82' lang='lat' dir='ltr'><strong>uitam&#39;sinruit</strong></span> <span class='ocrx_word' id='word_1_200' title='bbox 1716 3618 1895 3686; x_wconf 84' lang='lat' dir='ltr'><strong>auarus</strong></span> <span class='ocrx_word' id='word_1_201' title='bbox 2001 3656 2002 3659; x_wconf 18' lang='grc' dir='ltr'><strong><em>κ</em></strong></span> 
     </span>
    </p>

    <p class='ocr_par' dir='ltr' id='par_1_15' title="bbox 655 3682 2105 3829">
     <span class='ocr_line' id='line_1_29' title="bbox 655 3682 2105 3829; baseline 0.032 -68"><span class='ocrx_word' id='word_1_202' title='bbox 655 3754 660 3761; x_wconf 90' lang='grc'><em>.</em></span> <span class='ocrx_word' id='word_1_203' title='bbox 841 3685 911 3779; x_wconf 83' lang='lat' dir='ltr'><strong>At</strong></span> <span class='ocrx_word' id='word_1_204' title='bbox 947 3714 1011 3779; x_wconf 90' lang='lat' dir='ltr'><strong>ue</strong></span> <span class='ocrx_word' id='word_1_205' title='bbox 1036 3682 1330 3780; x_wconf 90' lang='lat' dir='ltr'><strong>boemorum</strong></span> <span class='ocrx_word' id='word_1_206' title='bbox 1354 3693 1726 3829; x_wconf 86' lang='lat' dir='ltr'><strong>quamplurima</strong></span> <span class='ocrx_word' id='word_1_207' title='bbox 1745 3707 1889 3804; x_wconf 86' lang='lat' dir='ltr'><strong>turba</strong></span> <span class='ocrx_word' id='word_1_208' title='bbox 1904 3710 2105 3809; x_wconf 89' lang='lat' dir='ltr'><strong>suorum.</strong></span> 
     </span>
    </p>

    <p class='ocr_par' dir='ltr' id='par_1_16' title="bbox 634 3714 2150 4020">
     <span class='ocr_line' id='line_1_30' title="bbox 634 3714 2150 4020; baseline 0.02 -123"><span class='ocrx_word' id='word_1_209' title='bbox 634 3892 638 3897; x_wconf 83' lang='lat'>.</span> <span class='ocrx_word' id='word_1_210' title='bbox 768 3799 842 3898; x_wconf 88' lang='lat' dir='ltr'><strong>M.</strong></span> <span class='ocrx_word' id='word_1_211' title='bbox 855 3714 1068 3898; x_wconf 62' lang='lat' dir='ltr'><strong>cdlxxx.</strong></span> <span class='ocrx_word' id='word_1_212' title='bbox 1097 3798 1278 3899; x_wconf 89' lang='lat' dir='ltr'><strong>Petrus</strong></span> <span class='ocrx_word' id='word_1_213' title='bbox 1305 3834 1333 3898; x_wconf 88' lang='lat' dir='ltr'><strong>e</strong></span> <span class='ocrx_word' id='word_1_214' title='bbox 1371 3807 1567 4020; x_wconf 59' lang='lat' dir='ltr'><strong>rscofus</strong></span> <span class='ocrx_word' id='word_1_215' title='bbox 1584 3824 1878 3941; x_wconf 76' lang='lat' dir='ltr'><strong>putauienus</strong></span> <span class='ocrx_word' id='word_1_216' title='bbox 1905 3830 2042 3955; x_wconf 86' lang='lat' dir='ltr'><strong>obiit.</strong></span> <span class='ocrx_word' id='word_1_217' title='bbox 2070 3829 2150 3927; x_wconf 85' lang='lat' dir='ltr'><strong>Cui</strong></span> 
     </span>
    </p>

    <p class='ocr_par' dir='ltr' id='par_1_17' title="bbox 651 3916 1948 4051">
     <span class='ocr_line' id='line_1_31' title="bbox 651 3916 1948 4051; baseline 0.008 -38"><span class='ocrx_word' id='word_1_218' title='bbox 651 3916 953 4016; x_wconf 90' lang='lat' dir='ltr'><strong>Wichardus</strong></span> <span class='ocrx_word' id='word_1_219' title='bbox 978 3916 1041 4015; x_wconf 91' lang='lat' dir='ltr'><strong>de</strong></span> <span class='ocrx_word' id='word_1_220' title='bbox 1067 3916 1313 4017; x_wconf 90' lang='lat' dir='ltr'><strong>Perthold</strong></span> <span class='ocrx_word' id='word_1_221' title='bbox 1370 3923 1454 4020; x_wconf 88' lang='lat' dir='ltr'><strong>ors</strong></span> <span class='ocrx_word' id='word_1_222' title='bbox 1488 3932 1689 4033; x_wconf 77' lang='lat' dir='ltr'><strong>accessit</strong></span> <span class='ocrx_word' id='word_1_223' title='bbox 1793 4038 1801 4051; x_wconf 57' lang='grc'><em>,</em></span> <span class='ocrx_word' id='word_1_224' title='bbox 1942 4010 1948 4024; x_wconf 90' lang='grc'><strong>.</strong></span> 
     </span>
    </p>

    <p class='ocr_par' dir='ltr' id='par_1_18' title="bbox 656 4036 2145 4193">
     <span class='ocr_line' id='line_1_32' title="bbox 656 4036 2145 4193; baseline 0.026 -71"><span class='ocrx_word' id='word_1_225' title='bbox 656 4100 663 4122; x_wconf 94' lang='grc'><strong>.</strong></span> <span class='ocrx_word' id='word_1_226' title='bbox 768 4036 1108 4133; x_wconf 75' lang='lat' dir='ltr'><strong>Meclxxxiii</strong></span> <span class='ocrx_word' id='word_1_227' title='bbox 1127 4037 1428 4139; x_wconf 88' lang='lat' dir='ltr'><strong>Wichardus</strong></span> <span class='ocrx_word' id='word_1_228' title='bbox 1477 4054 1732 4153; x_wconf 82' lang='lat' dir='ltr'><strong>atauienfis</strong></span> <span class='ocrx_word' id='word_1_229' title='bbox 1745 4061 2011 4193; x_wconf 71' lang='lat' dir='ltr'><strong>&#39;episcopus</strong></span> <span class='ocrx_word' id='word_1_230' title='bbox 2026 4066 2145 4163; x_wconf 79' lang='lat' dir='ltr'><strong>obiit</strong></span> 
     </span>
    </p>

    <p class='ocr_par' dir='ltr' id='par_1_19' title="bbox 653 4151 2145 4283">
     <span class='ocr_line' id='line_1_33' title="bbox 653 4151 2145 4283; baseline 0.021 -37"><span class='ocrx_word' id='word_1_231' title='bbox 653 4151 1416 4283; x_wconf 85' lang='lat' dir='ltr'><strong>cuiGotfridusprothonotarius</strong></span> <span class='ocrx_word' id='word_1_232' title='bbox 1478 4196 1505 4259; x_wconf 90' lang='lat' dir='ltr'><strong>e</strong></span> <span class='ocrx_word' id='word_1_233' title='bbox 1544 4167 1581 4263; x_wconf 89' lang='lat' dir='ltr'><strong>&#39;s</strong></span> <span class='ocrx_word' id='word_1_234' title='bbox 1591 4166 1921 4278; x_wconf 90' lang='lat' dir='ltr'><strong>Romanorum</strong></span> <span class='ocrx_word' id='word_1_235' title='bbox 1935 4184 2145 4281; x_wconf 79' lang='lat' dir='ltr'><strong>successit</strong></span> 
     </span>
    </p>
   </div>
   <div class='ocr_carea' id='block_1_13' title="bbox 651 4270 2143 4490">
    <p class='ocr_par' dir='ltr' id='par_1_20' title="bbox 651 4270 2143 4490">
     <span class='ocr_line' id='line_1_34' title="bbox 655 4270 2143 4399; baseline 0.021 -33"><span class='ocrx_word' id='word_1_236' title='bbox 655 4338 663 4353; x_wconf 80' lang='lat'><strong>·</strong></span> <span class='ocrx_word' id='word_1_237' title='bbox 767 4270 839 4367; x_wconf 89' lang='lat' dir='ltr'><strong>M.</strong></span> <span class='ocrx_word' id='word_1_238' title='bbox 851 4301 947 4370; x_wconf 90' lang='lat' dir='ltr'><strong>ccc.</strong></span> <span class='ocrx_word' id='word_1_239' title='bbox 956 4276 1084 4370; x_wconf 67' lang='grc' dir='ltr'><strong>ω’.</strong></span> <span class='ocrx_word' id='word_1_240' title='bbox 1098 4303 1182 4369; x_wconf 88' lang='lat' dir='ltr'><strong>nn.</strong></span> <span class='ocrx_word' id='word_1_241' title='bbox 1202 4290 1255 4371; x_wconf 89' lang='lat' dir='ltr'><strong>et</strong></span> <span class='ocrx_word' id='word_1_242' title='bbox 1284 4306 1328 4371; x_wconf 89' lang='lat' dir='ltr'><strong>v.</strong></span> <span class='ocrx_word' id='word_1_243' title='bbox 1359 4277 1472 4378; x_wconf 88' lang='lat' dir='ltr'><strong>idus</strong></span> <span class='ocrx_word' id='word_1_244' title='bbox 1536 4286 1699 4389; x_wconf 88' lang='lat' dir='ltr'><strong>alend.</strong></span> <span class='ocrx_word' id='word_1_245' title='bbox 1732 4294 1972 4399; x_wconf 87' lang='lat' dir='ltr'><strong>februarii</strong></span> <span class='ocrx_word' id='word_1_246' title='bbox 2000 4302 2143 4399; x_wconf 84' lang='lat' dir='ltr'><strong>factus</strong></span> 
     </span>
     <span class='ocr_line' id='line_1_35' title="bbox 651 4385 1378 4490; baseline 0.011 -8"><span class='ocrx_word' id='word_1_247' title='bbox 651 4385 869 4486; x_wconf 77' lang='lat' dir='ltr'><strong>cittene</strong></span> <span class='ocrx_word' id='word_1_248' title='bbox 892 4408 1059 4489; x_wconf 88' lang='lat' dir='ltr'><strong>motus</strong></span> <span class='ocrx_word' id='word_1_249' title='bbox 1078 4390 1205 4487; x_wconf 88' lang='lat' dir='ltr'><strong>hora</strong></span> <span class='ocrx_word' id='word_1_250' title='bbox 1228 4422 1378 4490; x_wconf 89' lang='lat' dir='ltr'><strong>nona.</strong></span> 
     </span>
    </p>
   </div>
   <div class='ocr_carea' id='block_1_14' title="bbox 648 4493 2145 4762">
    <p class='ocr_par' dir='ltr' id='par_1_21' title="bbox 648 4493 2145 4762">
     <span class='ocr_line' id='line_1_36' title="bbox 718 4493 2145 4637; baseline 0.018 -33"><span class='ocrx_word' id='word_1_251' title='bbox 718 4514 721 4519; x_wconf 79' lang='grc'><strong>’</strong></span> <span class='ocrx_word' id='word_1_252' title='bbox 765 4493 1156 4608; x_wconf 82' lang='lat' dir='ltr'><strong>M.&#39;ccc.xl.viii⁰.</strong></span> <span class='ocrx_word' id='word_1_253' title='bbox 1206 4512 1305 4607; x_wconf 92' lang='lat' dir='ltr'><strong>viii.</strong></span> <span class='ocrx_word' id='word_1_254' title='bbox 1350 4513 1591 4618; x_wconf 88' lang='lat' dir='ltr'><strong>kalendas</strong></span> <span class='ocrx_word' id='word_1_255' title='bbox 1615 4508 1867 4635; x_wconf 79' lang='lat' dir='ltr'><strong>februarii</strong></span> <span class='ocrx_word' id='word_1_256' title='bbox 1903 4536 2061 4637; x_wconf 81' lang='lat' dir='ltr'><strong>factus</strong></span> <span class='ocrx_word' id='word_1_257' title='bbox 2088 4532 2145 4632; x_wconf 80' lang='lat' dir='ltr'><strong>ess</strong></span> 
     </span>
     <span class='ocr_line' id='line_1_37' title="bbox 648 4630 2035 4762; baseline 0.019 -41"><span class='ocrx_word' id='word_1_258' title='bbox 648 4638 779 4725; x_wconf 85' lang='lat' dir='ltr'><strong>terre</strong></span> <span class='ocrx_word' id='word_1_259' title='bbox 802 4646 970 4729; x_wconf 87' lang='lat' dir='ltr'><strong>motus</strong></span> <span class='ocrx_word' id='word_1_260' title='bbox 991 4657 1204 4758; x_wconf 82' lang='lat' dir='ltr'><strong>magnus</strong></span> <span class='ocrx_word' id='word_1_261' title='bbox 1228 4630 1353 4727; x_wconf 90' lang='lat' dir='ltr'><strong>hora</strong></span> <span class='ocrx_word' id='word_1_262' title='bbox 1375 4636 1667 4762; x_wconf 80' lang='lat' dir='ltr'><strong>uespertirta</strong></span> <span class='ocrx_word' id='word_1_263' title='bbox 2033 4696 2035 4707; x_wconf 95' lang='lat'><em>·</em></span> 
     </span>
    </p>
   </div>
   <div class='ocr_carea' id='block_1_15' title="bbox 2295 1856 2302 2143">
    <p class='ocr_par' dir='ltr' id='par_1_22' title="bbox 2295 1856 2302 2143">
     <span class='ocr_line' id='line_1_38' title="bbox 2295 1856 2302 2143; baseline 0 0"><span class='ocrx_word' id='word_1_264' title='bbox 2295 1856 2302 2143; x_wconf 86' lang='lat' dir='ltr'><strong>l</strong></span> 
     </span>
    </p>
   </div>
   <div class='ocr_carea' id='block_1_16' title="bbox 2295 2146 2302 2237">
    <p class='ocr_par' dir='ltr' id='par_1_23' title="bbox 2295 2146 2302 2237">
     <span class='ocr_line' id='line_1_39' title="bbox 2295 2146 2302 2237; baseline 0 0"><span class='ocrx_word' id='word_1_265' title='bbox 2295 2146 2302 2237; x_wconf 86' lang='lat' dir='ltr'><strong>l</strong></span> 
     </span>
    </p>
   </div>
   <div class='ocr_carea' id='block_1_17' title="bbox 2296 2240 2302 2285">
    <p class='ocr_par' dir='ltr' id='par_1_24' title="bbox 2296 2240 2302 2285">
     <span class='ocr_line' id='line_1_40' title="bbox 2296 2240 2302 2285; baseline 0 0"><span class='ocrx_word' id='word_1_266' title='bbox 2296 2240 2302 2285; x_wconf 84' lang='lat' dir='ltr'><strong>l</strong></span> 
     </span>
    </p>
   </div>
   <div class='ocr_carea' id='block_1_18' title="bbox 2300 2300 2302 2337">
    <p class='ocr_par' dir='ltr' id='par_1_25' title="bbox 2300 2300 2302 2337">
     <span class='ocr_line' id='line_1_41' title="bbox 2300 2300 2302 2337; baseline 0 0"><span class='ocrx_word' id='word_1_267' title='bbox 2300 2300 2302 2337; x_wconf 86' lang='lat' dir='ltr'><strong>l</strong></span> 
     </span>
    </p>
   </div>
   <div class='ocr_carea' id='block_1_19' title="bbox 0 0 2376 6067">
    <p class='ocr_par' dir='ltr' id='par_1_26' title="bbox 0 0 2376 6067">
     <span class='ocr_line' id='line_1_42' title="bbox 0 0 2376 6067; baseline 0 5"><span class='ocrx_word' id='word_1_268' title='bbox 0 0 2376 6067; x_wconf 95' lang='lat' dir='ltr'><strong> </strong></span> 
     </span>
    </p>
   </div>
  </div>
 </body>
</html>
