4742 6067
731 412 1328 501 os‘rsanovrenss.
1687 460 1767 539 aso
1865 386 1868 393 ¹

412 618 483 721 M
500 622 755 719 ccccxiiii.
789 620 1067 724 Concilium
1094 618 1468 723 constanciense
1494 641 1730 729 tractatur
1761 636 1820 735 sn
1964 680 1968 686 ¹
2044 680 2048 687 ·

296 772 397 869 quo
429 743 591 869 primo
625 738 788 838 Insula
820 741 984 837 nostro
1016 738 1318 837 Monasten'o
1357 774 1449 869 per
1478 746 1704 845 abbatem
1742 754 1819 851 Io·

293 862 513 973 hannem
533 859 709 955 Vettcr
736 861 1050 986 impetratur,
1080 859 1167 983 qui
1191 858 1427 955 ambitum
1459 877 1509 957 et
1544 868 1820 990 paradisum
1859 868 1862 873 ’

297 975 626 1188 destuginauit
654 998 747 1099 (tra
771 999 924 1097 codex)
945 976 1018 1089 ut
1037 974 1230 1072 sontem
1261 990 1312 1072 et
1336 979 1571 1077 ambitum
1592 988 1819 1111 primitus

279 1098 428 1191 ‘intro
467 1096 586 1190 uxit.
1035 1184 1043 1199 ,
1634 1135 1638 1146 ·
1773 1108 1776 1115 ’

413 1212 486 1308 Μ.
500 1243 596 1319 ccc,
608 1213 723 1335 xvij.
753 1214 1002 1314 Horreum
1023 1210 1237 1308 nostrum
1260 1242 1491 1341 magnum
1516 1220 1820 1319 comburitur
1898 1328 1900 1336 ,

297 1344 349 1425 et
377 1358 469 1455 per
489 1342 591 1424 tres
615 1328 861 1446 dominos,
875 1331 1148 1426 Iohannem
1174 1344 1360 1445 vatter,
1391 1330 1663 1433 Iohannem
1682 1336 1818 1437 Rau.

298 1446 428 1542 chen
457 1445 711 1542 Andream
736 1448 947 1572 Chawcz
979 1461 1324 1587 recuperatur,
1353 1444 1550 1543 Eodem
1585 1480 1715 1547 anno
1746 1461 1818 1557 vi.¹

295 1595 363 1660 na
392 1580 445 1660 et
468 1566 634 1659 omnia
664 1564 911 1676 frumenta
998 1566 1180 1669 andrne
1211 1562 1413 1660 suerunt
1442 1561 1701 1667 deuastata.

413 1680 487 1777 M.
500 1711 627 1778 cccc.
638 1714 785 1823 xxm]
816 1680 938 1779 Pest'
964 1684 1098 1778 entia
1132 1681 1215 1777 hic
1236 1694 1437 1809 regnat,
1468 1678 1693 1807 drecenti
1714 1717 1825 1795 mo·,
2001 1768 2005 1775 x

109 1850 114 1857 ·
294 1802 511 1915 riantur,
536 1795 647 1916 duo!
661 1799 850 1898 ordinis
870 1801 1048 1897 fratres
1069 1798 1321 1895 Iohannes
1339 1794 1417 1893 Te
1455 1800 1611 1894 essmit
1640 1799 1835 1917 sobam„

116 1971 118 1976 ·
297 1914 498 2046 Cancri,
558 1916 753 2013 Eodem
774 1930 907 2015 'anno
941 1920 994 2011 in
1013 1914 1296 2045 Epiphania
1319 1824 1693 2024 duxgsohannes
1714 1920 1821 2020 Ho·
1908 1974 1913 1985 ·
1987 2000 1994 2010 .

295 2030 462 2125 sandie
497 2035 703 2127 moritur
732 2034 896 2130 noster
919 2033 1164 2130 dominus.
1444 2048 1448 2057 “
1501 2054 1505 2061 ’

414 2148 714 2245 Μεοεο.κν.
746 2148 963 2247 Georius
998 2146 1304 2277 lantgrauius
1348 2142 1411 2241 de
1442 2146 1711 2283 Lewtberg
1743 2158 1821 2251 in·

294 2279 394 2361 trat
419 2264 644 2370 ordinem
678 2265 1108 2377 sanctibenedicti
1131 2268 1184 2361 in
1210 2260 1356 2361 chasil
1379 2269 1465 2392 qui
1488 2283 1539 2369 et
1562 2299 1730 2374 comes
1754 2270 1820 2371 de

297 2380 425 2479 Hasz
456 2396 779 2511 nuncupatur.
840 2382 1001 2481 Idem·
1047 2380 1116 2479 ost
1147 2384 1314 2478 exiuit
1502 2437 1510 2447 -

414 2498 485 2595 M.
500 2503 762 2623 ccccxxvi.
793 2413 1090 2604 Leonarsus
1123 2498 1407 2638 Laimingttr
1438 2501 1711 2635 Episcopus
1732 2541 1823 2635 pa-

295 2616 523 2713 raniensis
554 2617 957 2724 aduceAlberto
986 2618 1154 2716 austrie
1168 2632 1354 2756 patitur
1373 2622 1662 2829 periculum.
1692 2622 1848 2727 Item.

296 2732 455 2843 Indie
476 2733 757 2831 Palmarum
780 2734 894 2831 Rex
914 2732 1368 2866 ungarieSrgrsmun
1407 2764 1464 2829 us
1478 2736 1694 2835 Wienne
1718 2743 1821 2835 ele·
1975 2799 1980 2809 ·

136 2891 142 2901 ·
299 2868 462 2948 ctores
508 2868 756 2951 conuocat
804 2852 868 2949 ad
915 2847 1322 2950 concordandum
1374 2850 1575 2948 bauarse
1637 2858 1823 2983 princi·

334 3002 388 3066 es
455 2970 504 3063 su
545 3000 599 3065 er
652 2985 782 3068 terre
853 2970 1087 3070 diuifione
1152 2983 1302 3095 atque
1365 2968 1525 3095 litigio
1586 2970 1640 3065 in
1697 2980 1821 3069 con·⁴

296 3001 541 3184 sanciens
586 3089 801 3186 concisio
833 3118 925 3215 per
963 3106 1122 3185 etrato
1153 3086 1280 3181 Item
1303 3085 1523 3211 prefatus
1545 3086 1816 3219 Episcopus

296 3237 435 3417 xxv?
446 3206 725 3343 septimanis
747 3236 914 3343 regem
926 3123 1150 3334 sequitur
1165 3226 1252 3417 grta
1278 3226 1475 3329 legardam
1495 3226 1677 3313 viderur)
1698 3239 1817 3304 con·

299 3354 387 3419 cor
421 3354 518 3418 lam
542 3352 743 3417 mrnrme
774 3327 978 3421 invenit
1038 3321 1139 3419 Sed
1199 3351 1267 3419 ux
1291 3320 1460 3417 austrie
1486 3325 1654 3418 omnia
1682 3322 1818 3421 bona

298 3440 465 3534 mustis
488 3441 631 3533 annis
655 3443 930 3566 occupauit
990 3439 1184 3537 Eodem
1217 3469 1349 3535 anno
1384 3436 1485 3535 dux
1506 3438 1722 3537 Saxonie
1754 3442 1823 3539 ab

296 3556 480 3653 hussitis
510 3554 708 3682 fugatur
736 3556 1007 3652 interfectis
1038 3560 1117 3676 iiij.
1152 3556 1359 3651 milibus.
1420 3552 1544 3652 stem
1568 3588 1702 3653 noua
1729 3554 1821 3655 do·

296 3706 405 3769 mus
437 3676 566 3771 circa
597 3674 861 3799 coquinam
882 3674 1194 3789 construitur,
1223 3672 1377 3767 abbas
1399 3674 1598 3799 patauie
1621 3674 1826 3769 arresta-

297 3805 377 3887 tur
407 3806 459 3887 et
483 3787 705 3886 clauibus
733 3791 969 3915 priuatur.
1334 3846 1340 3857 ·

152 3912 158 3929 '
413 3906 488 4009 Μ.
512 3938 638 4005 cccc.
657 3909 801 4030 xxvij.
845 3908 1036 4011 Omnes
1072 3908 1214 4035 regni
1249 3904 1496 4001 electores
1531 3900 1816 4002 bohemiam

295 4025 540 4123 invadunt
569 4054 681 4121 cum
703 4024 933 4121 omnibus
954 4037 1193 4121 terrarum
1214 4018 1422 4119 ducibus
1444 4019 1508 4117 ad
1531 4036 1817 4163 expugnan-

298 4142 391 4239 dos
412 4142 637 4238 Hussitas.
670 4144 800 4237 circa
832 4140 1003 4239 festum
1025 4142 1197 4239 Iacobi
1219 4140 1492 4269 Episcopus
1521 4141 1819 4269 pataurcnsrs

296 4292 486 4361 romam
516 4258 746 4355 transuit.
1860 4288 1861 4295 ‘

413 4376 486 4473 M.
500 4407 626 4473 cccc.
639 4406 751 4471 xmc.
781 4374 962 4505 Incipit
986 4374 1262 4475 Cbncilium
1291 4370 1565 4472 Basisiens'e.
1639 4486 1642 4493 ‚
1687 4380 1727 4469 Ἀ
1958 4471 1960 4483 ,

395 4494 795 4617 .M.cccc.xxxiij.
828 4494 1107 4593 Coronatur
1129 4488 1464 4625 sigismundus
1478 4488 1816 4593 Romanorum

209 4710 213 4716 ,
296 4642 386 4711 rex
414 4610 472 4708 In
499 4613 862 4745 imperatorem.
940 4700 946 4711 .
1446 4720 1450 4729 4

1768 4753 2007 4827 'J'

989 4845 1128 4973 Yyy
1161 4872 1190 4941 2
1395 4860 1399 4871 '
1676 4849 1759 4943 Ca*
