4742 6067
1651 150 1686 200 ἱ

1597 266 1604 278 ’
1760 264 1793 323 ἱ

596 399 645 553 ⁵3
790 484 795 493 ·
920 522 923 529 ,
1038 446 1100 526 11„
1152 432 1555 565 ennou'rcou

666 648 739 747 M.
749 651 879 745 lxxx.
909 648 1049 777 Papa
1067 648 1451 789 Gregoriusdqui
1472 632 1859 749 Hildebmndus.
1909 650 2067 748 Heim

275 748 280 755 ⁸
390 812 392 815 ·
546 759 701 867 rieum
735 798 903 906 regem
941 783 1398 863 excommumcaurt.
1470 766 1644 864 Weifo
1679 766 1781 864 dux
1816 769 2067 867 bauwarie

548 884 785 983 hostiliter
807 887 1058 981 cruitatem
1086 886 1233 980 inuah
1263 900 1316 981 et
1336 883 1633 1012 depredauit
1649 900 1802 1011 ‘atque
1830 886 2070 983 incendit.

545 997 786 1100 Tercium
797 1001 983 1098 bellum
994 1003 1201 1099 heinrici
1213 1004 1342 1145 regis
1353 1029 1465 1098 cum
1476 1002 1886 1100 saxonibusiuxta
1895 1004 2069 1098 uillani

547 1210 552 1219 .
585 1152 649 1216 ue
672 1118 852 1213 dicitur
873 1116 1336 1241 durloch.feria.1j¹·
1359 1124 1421 1217 v⁰·
1432 1119 1673 1218 kalendas
1695 1120 1940 1241 februarii.
1971 1119 2070 1242 qu

545 1152 667 1341 ‚hein
677 1265 814 1331 anno
828 1250 1056 1362 quartum
1069 1236 1254 1331 bellurn
1266 1237 1475 1334 heinrici
1487 1238 1631 1365 regis.
1674 1268 1785 1333 cum
1807 1238 2069 1333 saxonibus

553 1359 691 1459 iuxta
711 1354 912 1447 fluuium
937 1356 1022 1478 qui
1046 1352 1224 1449 dicitur
1246 1355 1399 1451 elster.
1427 1351 1679 1459 Rudolius
1702 1383 1792 1448 rex
1817 1353 2070 1457 occiditur,
2188 1465 2193 1471 ¹

671 1468 743 1565 M.
755 1470 901 1591 lxxxj.
914 1491 917 1499 ’
931 1472 989 1565 1η
1009 1485 1178 1566 monte
1191 1470 1520 1601 Chotwigenh
1541 1468 1885 1568 monasterium
1906 1468 2069 1583 sancte

551 1588 714 1689 Merie
739 1618 768 1681 a
793 1587 1066 1716 uenerabiii
1080 1590 1334 1688 altmanno
1347 1589 1639 1718 patauienhs
1663 1589 1861 1684 ecclesie
1887 1591 2071 1715 episco-

551 1740 621 1837 po
647 1704 945 1802 consecrato.
975 1706 1051 1917 ia)
1112 1706 1252 1802 Idem
1277 1708 1557 1803 altmannus
1590 1708 1851 1832 episcopus
1881 1710 2070 1845 pataui·

555 1822 676 1921 ensis
711 1837 762 1916 et
795 1820 973 1949 Lcupo
997 1822 1088 1931 dus
1123 1824 1342 1950 marchio
1376 1823 1560 1921 austrie.
1614 1824 1797 1947 aliique
1822 1827 2072 1949 principes

552 1940 784 2038 iurabant
804 1942 854 2058 in
882 1968 1032 2053 vnum
1057 1957 1231 2047 contra
1254 1971 1425 2070 regem
1450 1942 1736 2047 heinricum.
1828 1941 2074 2061 Quintum

447 2076 449 2085 '
553 2054 742 2155 bellum
761 2058 969 2154 heinrici
1004 2061 1147 2187 regis.
1189 2075 1363 2154 contra
1397 2059 1570 2155 sueuos
1593 2061 1730 2153 iuxta
1764 2059 1976 2165 fluuium
1989 2060 2075 2184 qui
2115 2126 2120 2131 -

555 2174 748 2287 dicitur,
772 2172 1015 2271 danubius
1053 2172 1187 2301 apud
1219 2175 1387 2271 uillam
1429 2178 1527 2302 que
1560 2173 1737 2271 dicitur
1767 2172 2073 2297 hohesteten.

553 2293 690 2405 feria,
704 2286 798 2413 iiijr·
825 2287 941 2386 ldus
962 2290 1175 2421 Augusti.
1235 2294 1551 2391 Hermannus
1575 2323 1664 2387 rex
1687 2290 2002 2387 constituitur.

673 2408 745 2502 M.
756 2408 920 2531 lxxxij.
952 2403 1064 2506 Hoc
1088 2441 1235 2525 anno.
1249 2413 1345 2531 iiij⁰·
1368 2408 1484 2507 Idus
1504 2410 1625 2505 Mai.
1651 2410 1774 2535 feria
1795 2426 1855 2504 v⁸1
1891 2408 2074 2517 Cunna·

556 2526 648 2625 dus
675 2522 776 2621 dux
800 2522 1092 2623 boemorum
1123 2528 1309 2623 auxilio
1342 2526 1653 2626 bawarorum
1690 2556 1800 2633 cum
1832 2526 2073 2651 leupoldo

555 2645 840 2741 marchione
874 2640 1058 2738 austrie.
1088 2642 1154 2739 ad
1177 2643 1485 2739 mauriberch
1507 2644 1693 2738 bellum
1724 2645 1843 2763 inijc
1884 2660 2075 2742 etcum
2111 2646 2117 2657 ’

510 2840 515 2851 .
556 2762 769 2857 maxima
793 2760 1105 2856 orientalium
1126 2760 1384 2856 hominum
1407 2755 1529 2855 cede
1553 2763 1847 2858 terminauit.
1877 2774 1931 2859 et
1951 2789 2076 2875 murb
2160 2852 2166 2861 .

557 2880 788 2975 chionem
810 2875 878 2972 ad
902 2876 955 2969 fu
990 2906 1068 2971 am
1090 2907 1202 2973 com
1240 2875 1343 2973 ulit.
1801 2918 1804 2923 ·

675 2993 746 3089 M.
778 2996 940 3089 lxxxv.
1008 3008 1176 3089 extum
1201 2908 1398 3091 hellum
1420 2994 1628 3090 heinrici
1649 3025 1703 3091 re
1738 2996 1792 3091 's.
1833 3024 1945 3091 cum
1967 2994 2073 3091 suc·

559 3116 644 3209 uis·
659 3126 710 3209 et
734 3108 993 3207 saxonibus
1016 3114 1152 3207 iuxta
1173 3112 1344 3209 uillam
1366 3144 1463 3238 que
1488 3112 1667 3209 dicitur
1687 3148 1721 3240 p
1744 3112 1972 3209 eichuelt.
2051 3148 2083 3206 .-

676 3227 747 3323 M.
757 3229 988 3324 lxxxviii.
1020 3226 1320 3325 Constitucio
1345 3232 1703 3325 monachorum
1736 3234 1789 3325 in
1821 3230 1936 3325 loco
1974 3260 2077 3337 me·

559 3337 787 3445 delicenh
809 3346 894 3441 sub
920 3262 1097 3446 ahbate
1120 3342 1365 3475 Sigboldo
1385 3348 1438 3441 in
1472 3346 1592 3445 festo
1624 3349 1781 3471 sancti
1814 3337 2078 3452 Benedicti

372 3444 374 3447 ⁵
558 3466 765 3563 abbatie
904 3508 907 3520 ·

677 3582 922 3680 M.lxxxx
951 3582 1162 3683 Sanctus
1171 3562 1430 3713 Nycoiaus
1451 3612 1481 3677 a
1505 3611 1669 3712 myrra
1688 3582 1853 3711 grecie
1874 3580 2076 3679 transsa-

282 3695 285 3703 ’
410 3786 414 3791 ,
561 3714 641 3799 tus
663 3700 836 3797 barum
860 3702 907 3796 fe
945 3700 1077 3796 ultus
1100 3698 1178 3797 eh

678 3814 751 3915 Μ.
762 3822 860 3951 xci.¹
933 3818 1183 3915 ltmannus
1207 3816 1502 3958 patauienhs
1525 3819 1784 3944 episcopus
1808 3815 1943 3938 obiju
1973 3898 1978 3905 .
2044 3840 2058 3931 2ss

562 3978 641 4151 ω’
679 3934 986 4057 Mhmxij.
1055 3935 1316 4033 Vdelrrcus
1338 3936 1630 4063 patauienhs
1665 3935 1924 4064 episcopus
1958 3963 2076 4031 con·

599 4056 778 4151 'tuitun
1940 4151 1944 4158 ,

682 4170 958 4269 Mlxxxxv.
987 4170 1141 4267 Facta
1163 4173 1303 4268 estex
1369 4166 1501 4266 dicio
1520 4169 1882 4267 hierosolimam
1901 4167 1988 4272 sub
1999 4196 2077 4265 vr·

558 4288 711 4387 bano.
742 4322 884 4417 papa.
913 4290 974 4385 ν’.
1005 4286 1107 4385 Sub
1129 4288 1255 4389 duce
1330 4286 1527 4386 otfrido.
2047 4346 2054 4391 ·.

624 4406 917 4529 M.lxxxxv'j.
958 4408 1249 4535 Leupoldus
1283 4407 1502 4508 marchio
1540 4404 1709 4501 austrie
1745 4400 1879 4525 obijt.
1919 4400 2075 4499 Filius

569 4524 688 4639 eius.
717 4522 1007 4652 Leupoldus
1020 4531 1129 4650 pius
1142 4526 1369 4625 succeilit.
1429 4524 1606 4623 Petrus
1615 4521 2077 4661 heremitealiigue

478 4756 482 4766 ι
558 4642 735 4771 ¹plures
757 4640 970 4737 tendunt
989 4644 1378 4771 iherosolimam„
1678 4638 2015 4761 Minxxxvrin.

269 4956 274 4965 -
413 5011 444 5029 Ἰ
569 4909 587 4929 “
665 4918 1383 5044 (a)1iaC0dexprocoriJccrat⁴ir·
