4742 6067
459 369 617 517 aaa«
707 429 713 441 ’
809 368 1654 518 sssrsstu·auouunr2un·

475 604 777 719 Meiniridus
799 603 988 733 spurius
1009 595 1415 730 iibi'uendicauit
1474 634 1481 649 ·
1572 620 1580 707 ἶ
1642 662 1655 731 ‘.
1846 636 1903 703 ·,
1951 631 1988 673 ··

477 727 649 830 Christi
670 722 1050 821 matrimonium.
1078 716 1166 818 diu
1186 722 1534 850 prophanatae
1550 744 1580 791 ³·
1738 810 1743 822 ,
1834 786 1839 800 ·
1900 792 1905 801 .
1981 742 2011 797 6

477 849 613 1067 guia
633 840 963 955 cardinalibus
985 870 1270 967 aurumpro
1307 840 1476 939 inauit

403 976 407 984 “
521 959 755 1063 ardinalis
776 959 1061 1086 principem.
1076 958 1249 1055 hunci
1318 958 1514 1057 ificauit
1788 1052 1791 1059 ,
1847 1053 1856 1063 ,

477 1086 692 1226 Propter
708 1074 852 1209 ..quod
872 1074 1125 1226 ecclesiam
1144 1105 1294 1183 nemo
1318 1076 1586 1203 releuauit
1643 1158 1649 1201 ,
1734 1173 1739 1185 ,
1805 1160 1826 1189 ,.

478 1282 636 1391 uuae
669 1278 908 1398 ,clemens
935 1310 1004 1409 pa
1041 1309 1071 1375 a
1100 1278 1182 1495 igij.
1190 1274 1510 1495 denirium?
1552 1281 1756 1384 inuocat
1796 1242 1995 1433 francos

449 1654 453 1659 .
599 1558 839 1680 Karolurir
860 1546 924 1655 de
945 1554 1133 1653 francia
1154 1557 1354 1656 francus
1377 1590 1509 1689 papa
1527 1570 1688 1660 uocat
1905 1570 1908 1578 '
2009 1570 2013 1586 '

482 1682 724 1827 Apuliam·
739 1678 946 1773 ficiliam.
977 1676 1082 1771 iur'e
1105 1674 1190 1772 fibi
1209 1677 1358 1775 locat.
1586 1689 1627 1699 ''
1770 1686 1776 1695 '

482 1804 538 1901 St
559 1795 883 1913 Meinfridum
905 1794 1181 1923 principem
1202 1794 1263 1890 uc
1284 1792 1662 1923 exhereditaret.

483 1920 716 2061 Regnum
738 1928 790 2011 et
810 1913 1071 2037 imperium
1091 1910 1176 2007 fibi
1198 1925 1467 2125 coaqtaret

488 2041 592 2160 Qur
610 2031 875 2161 temptauit
895 2028 1081 2156 pluries
1105 2044 1161 2126 ut
1179 2030 1278 2127 hoc
1321 2045 1565 2158 uperaret.

485 2154 641 2254 Miles
663 2166 719 2246 ut
737 2148 955 2278 ytalicus
978 2148 1026 2242 se
1048 2148 1355 2259 exercitaret

485 2268 687 2373 Accidit
710 2266 1055 2393 in-bcnyamin
1077 2266 1181 2360 uite
1204 2265 1351 2390 culpa
1372 2264 1528 2363 staret
1582 2320 1586 2330 ·
1633 2314 1635 2320 ·
1822 2356 1830 2373 ,

487 2390 745 2488 Romanus
768 2413 878 2478 cum
899 2379 1089 2476 Karolo
1110 2380 1286 2479 crebro
1310 2398 1450 2511 terga
1470 2382 1625 2485 daret.

489 2506 675 2604 Cernas
697 2502 777 2597 hie
799 2496 1044 2594 historiam
1102 2514 1186 2595 eto
1211 2499 1372 2597 lector
1392 2532 1420 2595 a
1441 2516 1492 2598 te
1597 2531 1600 2541 ·

371 2665 374 2672 ¹
488 2622 752 2749 Postquam
772 2616 917 2756 culpe
937 2616 1073 2711 Karo
1098 2619 1108 2639 ‘
1141 2616 1201 2712 fic
1227 2618 1337 2712 sunt
1359 2622 1569 2745 expiate.

490 2741 621 2839 Suos
641 2738 840 2833 francos
864 2748 1067 2841 inuocat
1090 2748 1143 2830 ct
1163 2734 1432 2831 humiliate.
1482 2790 1486 2797 -
1680 2742 1684 2751 '

492 2858 662 2955 Crucis
689 2852 846 2949 christi
866 2848 1081 2979 tytulum
1100 2850 1408 2978 predicatum
1426 2852 1542 2951 late.

426 2981 430 2992 '
490 2969 752 3074 Pretendit
775 2998 875 3096 quo
905 2968 1055 3068 titulo
1076 2983 1236 3065 turme
1258 2969 1368 3065 sunt
1386 2970 1583 3099 fignate.

492 3088 871 3191 Prosternuntur
892 3079 1028 3213 apuli
1050 3116 1162 3183 cum
1184 3086 1448 3185 anxietate.
1544 3092 1547 3099 ’

459 3245 464 3252 ·
493 3212 562 3309 Et
579 3204 872 3338 stipendiarii
903 3203 1068 3299 iacent
1090 3202 1326 3302 desolate.

494 3329 783 3455 Extirpatur
805 3321 1058 3447 beniamin
1082 3353 1191 3417 cum
1213 3353 1268 3417 ra
1305 3325 1497 3421 acitate.

349 3556 354 3564 ,
493 3446 609 3565 Hoc
632 3471 865 3571 magnum
888 3436 954 3534 est
1084 3439 1130 3533 'e
1155 3354 1373 3566 quodie
1392 3438 1723 3571 prosperatur,

478 3556 790 3661 Kairoiua'in
810 3555 949 3654 iunio
1009 3554 1409 3688 cmagniiicatur.
1509 3598 1517 3605 ·

497 3762 652 3864 Rubr.
680 3761 776 3859 Hic
795 3756 1075 3889 smaragdus
1087 3756 1482 3972 arcdhi‘episcopus
1496 3760 1763 3878 coloceniir
1772 3752 2029 3890 occidam,

1085 3906 1266 3975 eoem
1293 3908 1442 3977 anno.
1996 3934 1999 3939 ·

614 4013 731 4113 Pon
746 4014 846 4112 hoc
868 4019 1071 4145 ungaria
1088 4014 1275 4125 rnalum
1296 4008 1623 4146 perpetratur.
1751 4088 1753 4095 ι
1808 4087 1813 4098 ·

283 4230 289 4244 ,
500 4134 742 4261 Facinus,
771 4135 824 4228 in
846 4134 968 4229 iulio
992 4130 1271 4265 smaragdus
1289 4148 1511 4233 neca-tur.
1536 4247 1541 4258 Ι

326 4342 335 4371 ,
501 4250 819 4378 Archiprcsul
840 4250 1054 4349 inclitus.
1085 4252 1191 4349 dire
1214 4252 1505 4373 trucidatur,
1592 4300 1593 4305 Ν

504 4366 786 4465 Coloceniis
807 4366 968 4495 proch
991 4367 1139 4466 dolor
1157 4380 1299 4499 patre
1322 4370 1565 4471 uiduatur.
1589 4452 1602 4473 .

502 4483 732 4623 Ecclclia
749 4516 853 4614 ·pr0
875 4486 1078 4615 reliquis
1100 4488 1229 4585 male
1251 4487 1332 4585 hie
1354 4490 1579 4592 minatur.
1621 4512 1649 4553 ·'

507 4600 639 4697 Clen
657 4602 748 4699 flos
770 4619 823 4701 et
840 4604 1038 4701 inclitus
1063 4602 1240 4703 doctor
1260 4604 1588 4715 decretorum.

505 4718 775 4850 impiorum
792 4722 1018 4827 manibus
1043 4722 1224 4829 cecidit
1244 4724 1536 4853 seruorum
1684 4770 1719 4803 ³
1857 4842 1907 4951 L
2019 4747 2025 4758 “
