4742 6067
745 374 1300 559 'tnannncnnsnz
1646 410 1649 417 ’
1670 456 1750 539 4⁷3
1819 460 1824 467 ·

234 605 255 701 f
286 645 405 774 qnia
434 641 498 736 ex
528 620 739 851 coniupe
770 637 853 731 sua
882 650 1036 777 nepte
1066 593 1346 735 uidelicet·
1397 634 1643 736 Willelml
1670 572 1805 739 idern
1835 758 1839 769 .

283 790 493 889 regnum
524 756 610 853 libr
637 757 689 850 su
724 753 818 851 elle
849 754 1066 853 debebit.
1294 817 1297 828 ·
1355 820 1360 830 ·
1644 821 1657 833 -
1887 830 1903 847 .

404 876 747 975 M.c.lxxxx.i
777 873 1000 1004 Eclypsrs
1030 873 1145 972 solis
1167 871 1300 971 facta
1322 872 1400 972 en
1421 875 1539 975 viiii.
1560 870 1805 973 kalendae

290 997 416 1093 Iulii
436 997 577 1096 *circa
606 995 781 1089 horam
813 1022 1011 1090 nonam.
1100 992 1406 1091 Wollkerus
1430 995 1694 1123 episcopus·
1715 1024 1806 1137 pa·

263 1117 418 1211 ‘tauie
450 1113 663 1241 eligitur.
722 1111 958 1208 Clemens
985 1143 1119 1241 papa
1149 1111 1309 1211 obiit»
1350 1111 1619 1210 Celellinua
1644 1144 1733 1240 qur¹
1756 1125 1808 1233 et

278 1233 501 1328 iacintus
538 1228 845 1326 substituitur.
902 1261 932 1325 a
1007 1262 1076 1326 uo
1117 1229 1383 1329 Heinricus
1419 1234 1490 1328 ¹im
1529 1246 1706 1328 arator.
1757 1244 1810 1326 et

102 1351 107 1359 ’
281 1380 411 1447 uxor
440 1352 545 1446 eius
576 1362 894 1445 coronantur.
999 1346 1149 1445 xinde
1182 1351 1399 1478 apuliam
1419 1262 1634 1448 collecto
1669 1352 1826 1453 exerr
1921 1412 1943 1465 s

281 1470 383 1565 citu
412 1480 700 1594 properant.
741 1463 825 1561 sed
844 1468 1081 1563 innanunr
1104 1467 1370 1567 laborant:-
1408 1462 1459 1565 N
1460 1500 1538 1566 am
1562 1468 1808 1565 exercitus

279 1584 696 1717 deipermilsrone
708 1584 997 1712 percellitur
1018 1588 1230 1683 maxima
1243 1586 1557 1701 mortalitate.
1582 1588 1673 1681 uix*
1725 1614 1810 1711 au·

279 1704 472 1801 'cissimis
500 1701 876 1799 remanentibus
908 1719 960 1799 et
988 1702 1173 1825 hjsdem
1205 1704 1365 1832 pedes
1409 1700 1700 1833 repatriantr
1737 1732 1835 1801 us„

276 1824 455 1951 regina
496 1836 667 1914 tamen
704 1822 955 1946 captiuata
1008 1835 1060 1915 et
1092 1816 1301 1917 ibidem·
1328 1822 1580 1919 confusrue
1619 1824 1808 1918 relicta.

96 1946 100 1962 '
280 1940 394 2037 liert
425 1940 582 2034 eciam
606 1935 868 2063 anglorum
891 1936 1060 2033 ualida
1080 1970 1229 2034 manu
1252 1955 1563 2037 armatorum.
1595 1953 1649 2035 ct
1667 1943 1810 2049 innu-

279 2080 420 2152 mera
451 2050 606 2150 classe.
638 2068 690 2146 et
719 2084 972 2148 murorum
1004 2054 1301 2150 exstructuro
1336 2087 1450 2152 cum
1478 2088 1597 2185 rege
1619 2056 1812 2150 francie

255 2185 335 2269 'et
365 2171 549 2267 comite
582 2166 840 2268 flandrensi
870 2172 1041 2265 uersus
1067 2171 1311 2266 Akkaron
1339 2174 1516 2269 tendit.
1615 2172 1724 2268 Hac
1755 2172 1810 2265 in

278 2290 373 2387 uia·
396 2288 620 2416 Cyprum
653 2282 858 2382 obsedit
901 2284 1188 2384 debellauit.
1230 2287 1410 2385 ducem
1442 2324 1501 2386 ca
1536 2291 1726 2386 tiuauit.
1758 2300 1810 2383 et

228 2452 233 2465 ’
276 2404 557 2539 predictam
578 2400 784 2499 insulam
804 2405 889 2499 suo
915 2401 1152 2501 dominio
1165 2406 1371 2536 subegit.
1545 2436 1672 2501 aron
1687 2436 1813 2532 quo·

279 2556 396 2653 qne·
414 2527 514 2621 iam
545 2520 706 2617 tribus
737 2524 881 2619 annis
916 2522 1237 2648 asarracenis
1272 2540 1598 2652 occupatam.⁸
1623 2524 1675 2617 in
1707 2552 1814 2618 ma·

271 2674 345 2743 nu
374 2642 501 2739 lorti·
532 2642 850 2853 expugnauit
894 2656 947 2737 et
971 2641 1115 2737 eruit
1149 2658 1202 2739 et
1223 2668 1452 2771 magnam
1483 2640 1687 2769 bragam
1708 2654 1813 2779 tur·

277 2792 456 2861 corum
500 2774 607 2876 tum
690 2756 973 2854 ecollando.
1023 2774 1129 2856 tum
1175 2759 1367 2857 submer
1402 2758 1536 2863 endo
1616 2771 1811 2855 atrault.
1954 2846 1956 2849 ,

279 2879 581 2979 Asculonam
604 2874 658 2970 fu
692 2878 786 2971 atis
822 2877 973 2973 turcis
1008 2879 1287 3005 occupauit.
1358 2788 1544 2976 domes
1598 2873 1814 2969 andren·
1990 2997 1993 3007 Ι
2121 2904 2124 2913 ·

276 2998 338 3094 lis
355 2996 645 3093 feliciterin
659 2908 873 3091 domino
893 2995 1136 3123 migrauit
1163 2992 1299 3091 unde
1324 3026 1415 3093 rex
1473 2994 1590 3091 allie
1612 2992 1814 3121 aliquos

276 3114 341 3213 de
354 3113 581 3212 exercitu
597 3114 690 3209 suo
716 3128 936 3232 armatos
947 3110 1009 3207 ad
1035 3143 1069 3208 e·
1134 3111 1396 3243 ugnandos
1439 3130 1711 3209 arracenos.
1728 3132 1816 3205 re-¹

275 3230 461 3360 liquid.
490 3246 544 3327 et
563 3229 665 3357 ipse
692 3240 814 3325 cum
836 3230 931 3325 suis
967 3232 1105 3325 omni
1140 3261 1199 3326 us
1221 3230 1581 3359 rempublicam
1611 3221 1814 3337 ordina·

149 3390 158 3399 ·
243 3358 422 3448 'turus
451 3348 534 3444 sue
564 3350 729 3475 gentis
759 3348 1079 3474 repatriauit‘
1158 3429 1160 3438 .
1301 3414 1305 3421 -
1582 3392 1587 3399 ·

399 3467 681 3563 M''c.xc.ii.
714 3464 1010 3561 Chunradus
1040 3496 1212 3562 comes
1241 3464 1308 3561 de
1331 3464 1475 3595 Tyro
1500 3464 1634 3565 dolo.
1656 3494 1685 3567 a
1706 3478 1812 3561 tur·

213 3598 218 3607 '
278 3582 356 3683 cis'
383 3586 560 3680 sicariis
592 3582 884 3676 uulneratus
912 3585 1147 3677 moriturc-
1222 3580 1336 3676 Rex
1362 3583 1585 3710 anglicus
1606 3579 1805 3678 deuicta
1962 3587 1967 3597 ’

275 3704 517 3803 Akkaron
541 3714 593 3795 et
616 3700 726 3795 aliis
745 3697 983 3825 triumphi
1001 3698 1158 3794 titulis
1182 3698 1346 3793 elatus
1368 3726 1432 3793 co
1466 3698 1569 3813 losa
1584 3698 1809 3804 ‚multitu-

275 3824 394 3919 dine
421 3822 637 3915 nauium.
679 3844 927 3911 armorum
949 3830 1002 3911 et
1022 3816 1361 3911 thesaurorum
1384 3730 1468 3911 inb
1538 3816 1659 3910 itur-¹...
1691 3816 1807 3943 quia

275 3972 382 4039 non
406 3938 504 4035 deo
535 3934 622 4031 sed
642 3936 739 4031 suis
764 3933 952 4031 uiribus
987 3964 1184 4062 queque
1219 3935 1356 4029 circa·
1376 3934 1424 4029 se
1473 3944 1707 4031 ortunata
1736 3934 1805 4027 as·

277 4054 470 4185 scripsit.
502 4052 621 4149 dum
637 4049 1016 4148 transfretando
1039 4051 1311 4180 repatriare
1333 4045 1544 4181 gloriose
1554 4047 1810 4178 disposuit.

278 4176 428 4273 abeo
451 4174 538 4301 qui
560 4171 626 4268 est
646 4169 884 4266 mirabilis
913 4170 967 4263 in
1001 4171 1115 4266 altis
1147 4168 1379 4265 dominus
1410 4166 1653 4264 mirabilia
1676 4168 1807 4265 circa

113 4354 116 4359 -
273 4295 325 4389 se
350 4309 401 4390 et
423 4294 537 4387 suos
565 4288 672 4384 lieri
694 4284 1017 4384 formidolose
1040 4288 1260 4415 pertulit.
1318 4284 1449 4383 Nam
1485 4286 1572 4382 illa
1594 4288 1802 4415 copiosa

151 4444 155 4451 ’
277 4406 547 4507 multitudo
574 4408 788 4503 nauium.
829 4404 1011 4501 onusta.
1053 4402 1221 4501 ualida
1244 4435 1393 4500 manu
1420 4418 1719 4499 armatorum
1750 4420 1802 4505 et

277 4525 506 4625 nariabili
529 4523 858 4652 suppellectili
880 4520 1177 4618 diuersarum
1200 4552 1378 4619 rerum.
1409 4521 1493 4619 sub
1516 4520 1657 4619 breui
1678 4521 1803 4618 hora

277 4646 600 4777 periclitatur.
632 4655 684 4737 et
705 4642 902 4737 flamine
931 4655 1196 4736 uentorum
1217 4642 1270 4737 in
1293 4636 1507 4737 diuersas
1537 4639 1719 4737 insulas
1750 4654 1802 4738 et

276 4768 509 4899 regiones
532 4759 794 4889 diffipatur.
825 4774 880 4859 et
899 4757 1047 4977 iderp)
1049 4788 1144 4853 rex
1168 4760 1254 4889 qui
1285 4760 1471 4858 uertice
1494 4755 1669 4893 sydera
1683 4774 1800 4892 tan-

1062 4906 1141 4975 oo
1622 4904 1739 5006 gere
