4742 6067
257 1518 865 1633 'CHRONICON
948 1508 1844 1638 ΟΒΤΕΚΗΛΟῊΕΝΕΕ.Ἰ

663 1830 1428 1877 m·

372 2036 483 2133 Huc
515 2035 950 2161 ulqueyGotfridus
975 2039 1278 2135 viterbienlis
1302 2040 1549 2133 cronicam
1571 2036 1729 2135 suam-

932 2268 1155 2367 deduxit.

275 2301 542 2655 Anno
582 2486 771 2585 domini
813 2490 900 2586 M‘.
925 2521 964 2585 c.
987 2490 1218 2588 lxxxxvi.
1259 2506 1462 2587 mortuo
1499 2494 1824 2618 imperatore·
2119 2538 2121 2545 ¹

123 2669 127 2677 -
304 2674 309 2683 -
465 2604 688 2705 hainrico
715 2608 796 2703 vi⁰.
826 2611 910 2735 qni
934 2608 1019 2703 lub
1042 2609 1161 2705 Cele
1193 2612 1213 2683 '³
1254 2611 1389 2706 o·iii⁰.
1421 2624 1473 2704 et
1494 2609 1798 2715 innocencio
1879 2652 1883 2659 ·

273 2725 353 2845 iij⁰.
385 2724 649 2849 imperauit
690 2755 802 2821 ann.
831 2724 911 2847 vij.
942 2727 1197 2825 menibus.
1228 2725 1307 2867 iiij.
1338 2727 1611 2856 phylippus
1641 2726 1803 2823 frater
1939 2774 1944 2784 κ

274 2843 379 2940 eius
403 2840 504 2935 dux
514 2840 711 2938 Sueuie.
743 2857 796 2938 et
821 2845 946 2940 Otto
972 2844 1099 2940 lilius
1129 2846 1342 2941 hainnci
1368 2832 1637 2970 aliquando
1659 2840 1800 2941 ducis

106 3015 108 3018 ·
272 2960 505 3071 wawarie
517 2959 836 3086 Saxonieque
865 2993 961 3087 pro
994 2993 1151 3104 regno
1177 2962 1500 3095 contendunt.
1522 2959 1798 3090 presidente

272 3079 501 3175 Romane
559 3077 759 3173 ecclefie
802 3080 1106 3177 lnnoeencro
1152 3083 1231 3203 iij⁰.
1291 3078 1546 3212 Phylippo
1587 3080 1799 3207 primum
1924 3154 1929 3161 .

272 3195 584 3325 preualente.
656 3196 757 3315 Qui
787 3212 905 3290 ante
930 3200 1077 3325 regni
1106 3200 1363 3295 introitum
1394 3196 1681 3339 promiserat
1711 3191 1800 3291 (iu-

273 3344 389 3410 cere
411 3312 837 3408 matrimonialiter
861 3312 1012 3411 liliam
1038 3316 1246 3429 Ottonis
1306 3317 1477 3412 alanni
1497 3313 1709 3427 Comitis.
1734 3311 1799 3407 de

163 3477 171 3494 ·
209 3534 212 3539 ,
271 3429 493 3529 Witlens
527 3430 619 3524 ach
633 3461 780 3555 qnam
830 3429 1100 3528 oltmodum
1112 3463 1238 3558 repu
1272 3437 1412 3529 rauit.
1425 3432 1558 3531 vnde
1570 3429 1703 3527 idem
1718 3462 1801 3525 co·

65 3565 69 3573 ’
272 3580 379 3645 mes
402 3549 453 3641 in
549 3462 830 3673 agenberell
865 3546 929 3640 ad
962 3578 1206 3644 cameram
1239 3553 1370 3677 regis
1407 3549 1600 3645 accellit
1635 3547 1805 3643 eidem·

271 3663 477 3794 pacifice
497 3664 768 3772 locuturus.
798 3664 952 3758 subito
974 3665 1129 3789 ipsum
1148 3692 1317 3790 regem
1328 3664 1589 3779 interfecit.
1649 3665 1804 3757 Inno·
1897 3774 1898 3777 Ν
2013 3733 2016 3741 -
2085 3722 2093 3735 -

274 3784 474 3879 cencius
494 3810 615 3875 uero
641 3812 773 3907 papa
792 3778 1045 3907 predictus
1063 3782 1246 3878 Ottoni
1282 3779 1397 3877 duci
1421 3783 1618 3877 saxonie
1642 3778 1801 3878 fideli·

271 3918 350 3997 ter
371 3899 567 3995 adhelit
600 3914 651 3995 et
671 3899 827 4025 ipsum
850 3898 1124 4025 aquisgrani
1147 3900 1200 3992 in
1220 3918 1387 4025 regem
1412 3899 1688 3995 alamannie
1715 3929 1796 3993 co·

272 4020 439 4116 ronari
462 4016 593 4112 fecit
624 4047 774 4143 quem
793 4016 935 4111 breui
948 4016 1053 4143 post
1066 4030 1307 4143 tempore.
1337 4018 1434 4120 hoc
1448 4016 1512 4113 en
1532 4016 1621 4111 Μ’.
1636 4017 1795 4112 cclix,

274 4142 328 4235 in
351 4135 545 4232 bafiliea
574 4136 731 4231 lancti·
748 4136 878 4261 petri
907 4136 959 4227 in
990 4136 1340 4261 imperatorem
1374 4136 1688 4231 consecrauit
1710 4128 1796 4229 sed

272 4286 377 4362 non
418 4252 618 4348 fuerunt
652 4251 738 4346 fibi
770 4267 976 4379 propter
1010 4250 1306 4346 maleficium
1340 4251 1474 4347 suum
1509 4254 1624 4345 anni
1662 4253 1796 4345 attri·
2156 4366 2157 4371 Ν

274 4374 394 4470 buti.
427 4373 543 4511 quia
584 4384 789 4496 accepta
824 4400 1010 4465 corona
1042 4369 1195 4463 [latim
1264 4400 1442 4496 ugnam
1476 4368 1651 4463 habuit
1681 4398 1794 4462 cum
1891 4426 1919 4433 ..
2096 4417 2098 4420 ·

274 4520 504 4589 romanrs.
547 4502 599 4581 et
642 4502 815 4583 contra
851 4483 1161 4583 uoluntatem
1239 4489 1392 4582 omini
1427 4516 1558 4613 pape
1593 4486 1794 4578 intrauit
1939 4582 1942 4593 ,

271 4615 480 4735 regnum
499 4604 678 4745 apulie.
709 4603 939 4699 auferens
968 4602 1096 4698 illud
1125 4600 1358 4699 friderico
1389 4606 1496 4732 regi
1517 4602 1675 4698 ncilie.
1706 4614 1793 4697 vn·

247 4779 251 4786 ·
275 4728 338 4825 de
371 4757 504 4856 papa
530 4723 670 4821 illum
696 4722 1154 4824 excommunicauit.
1247 4720 1440 4852 Quane
1467 4736 1631 4819 autem
1658 4749 1790 4816 anno

775 4954 779 4960 ,
956 4840 1157 5002 Qqq2
1408 4842 1731 5014 winpe·
1839 4920 1879 4929 ψ-
