4742 6067
679 425 752 548 492'
1032 498 1037 510 .
1138 437 1191 517 x.
1248 391 1708 519 cunonrcdn
1817 454 1826 465 ·
1932 431 1937 441 ·

627 647 807 773 inperii
833 644 914 737 sui.
951 637 1220 736 mandante
1252 640 1457 736 domino
1484 642 1785 769 innocencio
1816 634 1947 769 papa
1972 640 2129 782 predi-

629 781 727 861 ct0.
769 767 888 857 Otto
920 761 1174 886 inperator
1205 790 1234 851 a
1268 758 1432 855 multis
1470 758 1711 885 episcopis
1743 757 2020 853 alamannre
2054 791 2131 853 ex·

624 878 1013 980 communicatus
1036 909 1066 971 a
1122 906 1216 1001 apa
1236 873 1571 969 denunciatur.
1604 890 1656 971 et
1685 875 2027 999 subsequenter
2049 876 2136 972 Ns.

624 998 821 1096 cc⁰.xii⁰.
853 997 903 1089 in
932 992 1050 1087 festo
1082 908 1235 1088 sinoti
1265 992 1313 1085 N
1311 992 1493 1121 ycolai.
1524 992 1770 1087 Fridricus
1791 1020 1879 1085 rex
1909 993 2075 1121 sycilie
2108 1027 2135 1087 a

626 1112 927 1243 principibus
969 1114 1110 1236 regni
1138 1108 1478 1204 franchenfurt
1516 1108 1570 1201 in
1601 1138 1768 1234 regern
1804 1108 2011 1235 eligitur.
2053 1114 2133 1235 qui

628 1235 834 1329 ueniens
868 1228 1068 1353 nauigio
1098 1227 1257 1369 ¹usque
1282 1257 1472 1321 romam
1503 1258 1532 1319 a
1565 1224 1767 1325 domino
1801 1258 1932 1351 papa
1975 1244 2089 1438 etpl
2120 1284 2136 1303 -

627 1350 748 1477 pulo
771 1375 978 1441 romano
1009 1345 1282 1442 honorrsrcc
1306 1342 1371 1438 est
1390 1342 1624 1468 receptus.
1657 1359 1708 1437 et
1732 1348 1938 1439 ueniens
1963 1348 2016 1439 in
2042 1376 2071 1438 a
2092 1378 2137 1439 e-

625 1467 878 1562 manniam
909 1480 1081 1565 contra
1101 1464 1352 1557 Ottonern
1382 1460 1451 1555 ibi
1482 1458 1681 1555 mirifice
1711 1462 2045 1589 triumphauit.

542 1672 546 1677 ,
611 1606 617 1619 ·
688 1579 971 1677 Incidencia
1001 1579 1063 1674 ab
1095 1582 1237 1673 annis
1251 1579 1458 1673 hainrici
1489 1579 1610 1671 sexti
1631 1578 1782 1702 usque
1800 1579 1864 1671 ad
1880 1576 2138 1674 fridricum

752 1793 808 1913 C·
853 1700 1205 1906 ichratorem
1234 1697 1381 1789 huius
1406 1696 1619 1789 nominis
1642 1692 1922 1793 secundum.
2017 1718 2020 1725 '

750 1896 754 1906 .
794 1844 899 1914 rrca

631 1933 719 2028 crss
742 1930 844 2025 dux
862 1930 1046 2054 Sucuie
1078 1960 1191 2022 cum
1221 1929 1329 2022 aliis
1360 1924 1665 2064 principibus
1686 1942 1736 2025 et
1746 1928 1986 2062 episcopis
1996 1931 2053 2029 in
2067 1960 2143 2026 cx·

501 2168 506 2173 Δ
631 2046 899 2177 pedicione
927 2048 1171 2140 obierunt
1198 2044 1532 2170 transmarrna.

632 2220 855 2353 Eclypsss
877 2218 991 2315 solis
1016 2217 1208 2316 accidit
1242 2232 1292 2317 ei
1319 2216 1461 2321 ,totus
1479 2249 1563 2314 aer
1587 2215 1746 2319 factus
1768 2220 1833 2316 est
1853 2248 2145 2349 purpureus.
2220 2274 2223 2277 ·
2316 2184 2317 2189 .

751 2393 1086 2487 M⁰.c⁰.xc⁰.iii.
1126 2393 1347 2487 Wawari
1376 2395 1508 2487 ‘inter
1545 2394 1591 2500 se
1638 2390 1915 2495 diffidentes
1950 2426 2149 2493 ornnem

958 1844 1015 1910 ec
1037 1828 1264 1939 tempora
1286 1811 1467 1905 seilicet
1499 1841 1631 1904 anno
1666 1809 1754 1907 M'.
1769 1814 1824 1906 c⁰.
1836 1843 1910 1905 xc.
1921 1813 1950 1905 i.
1985 1808 2141 1906 fridri-
2314 1808 2317 1857 ²

611 2506 890 2637 'regionem
924 2508 1156 2614 inccndio
1182 2506 1446 2604 deuastant.
1467 2574 1471 2580 -
1489 2510 1577 2606 ubi
1609 2494 1846 2605 Alhertus
1881 2522 2049 2619 cornea
2089 2512 2147 2611 de
2305 2579 2308 2588 «

553 2649 556 2656 ’
610 2647 817 2757 «Ροςεη.
847 2624 1143 2736 ⁴Ludwicum
1166 2623 1344 2721 ducem
1365 2628 1569 2838 fugauit.
1601 2628 1785 2722 auxilio
1808 2628 2148 2731 bohemorum.
2315 2710 2317 2739 .

620 2812 624 2820 -
671 2816 674 2821 -
754 2744 1068 2843 M⁰.c⁰..xc⁰.-v.
1099 2741 1391 2883 Leupoldus
1448 2772 1517 2855 ux
1542 2744 1744 2883 Austri?
1760 2762 1817 2841 ct
1847 2746 1993 2843 Stiric
2028 2748 2155 2843 obiit
2315 2742 2317 2843 ἰ

613 2862 798 2987 'lapsus
822 2858 892 2954 de
922 2890 1073 2986 equo.
1113 2858 1254 2989 tybla
1287 2858 1453 2956 fracta.
1498 2890 1577 2955 cur
1610 2860 1838 2957 srrdrrcus
1873 2863 1999 2977 silius
2045 2868 2148 2961 eius
2315 2926 2317 2967 ÷

631 2976 855 3073 *succedit
877 2978 929 3070 in
954 2977 1138 3073 austria.
1170 2993 1223 3072 et
1240 2977 1536 3102 Leupoldus
1548 2981 1599 3071 in
1621 2980 1756 3079 stiria.
1826 2980 2036 3078 Mortuo
2054 3016 2056 3019 ·
2071 3012 2148 3075 au·
2315 2998 2316 3003 '

608 3097 816 3203 -temin
837 3096 1167 3216 transmarinis
1174 3095 1397 3221 partibus
1420 3093 1663 3191 friderico,
1694 3096 1986 3235 Leupoldus
1999 3102 2149 3225 posse-

632 3210 715 3307 dit
735 3227 999 3336 utrumque
1021 3210 1265 3306 ducatum.
1290 3212 1448 3311 :homo
1471 3213 2037 3337 pacificuseturrtuosua
2063 3232 2149 3312 fen·

420 3410 424 3417 .
580 3341 582 3347 '
631 3329 720 3423 ius
735 3344 966 3467 tempore
986 3327 1284 3423 Monasteria
1310 3326 1471 3423 clerus
1508 3346 1558 3423 ct
1583 3332 1801 3457 populus
1823 3321 1888 3425 'in
1921 3334 2014 3428 suis
2041 3366 2150 3461 pro·

634 3448 817 3539 uincirs
839 3476 1049 3539 maxmra
1074 3468 1198 3572 pace·
1223 3441 1509 3572 gaudebant
1540 3462 1596 3541 ut
1626 3450 1800 3546 merito
1837 3450 2073 3577 pacificus
2106 3468 2152 3547 et

472 3649 476 3655 .
633 3579 784 3689 pater
807 3561 936 3656 cleri·
949 3578 1226 3657 uocaretur.
1394 3618 1397 3626 ,

611 3729 615 3738 «
760 3679 1102 3798 M⁰.c⁹.xc⁰.vj⁰.
1165 3682 1304 3777 Otto.
1325 3681 1372 3775 ii.
1420 3674 1679 3810 episc'opus
1713 3684 2151 3815 Wabenbergensrs
2315 3766 2317 3787 .

612 3796 1053 3904 ·obii-tcui'1⁸ienro
1077 3795 1303 3892 succedit.
1445 3826 1448 3836 ·
1638 3859 1643 3870 -
1836 3830 1840 3841 ’

612 3940 670 4035 ᾗ
702 3912 791 4050 Μ’.
806 3914 961 4050 eiad.
974 3914 1050 4032 uj⁰.
1079 3911 1742 4126 Hainricusnimfcratoruit
1755 3917 1878 4058 obiit
1893 3924 1953 4015 in
1977 3923 2151 4063 apulia.

614 4027 2151 4272 .:tttpststttttbsssst..Ethfflsssssasstsbtt

645 4262 774 4357 silius
798 4262 938 4359 ducis
957 4264 1173 4361 bawarie
1194 4267 1297 4360 inci
1333 4222 1677 4396 itfregnare:¹
1892 4229 1902 4249 ο

541 4434 546 4446 ·
676 4470 679 4474 ,
765 4379 853 4519 Μῇ.
868 4383 922 4475 c⁰.
935 4381 1098 4475 lxrorx.
1108 4382 1204 4503 viij.
1233 4298 1471 4481 Alhertus
1482 4386 1871 4515 Salczprugcnsrs
1897 4394 2152 4518 episcopus

646 4496 711 4593 de
734 4494 912 4623 ordine
935 4498 1599 4623 premonstratensrumfratcr
1617 4536 1670 4599 rc
1703 4510 1745 4601 ¹is
1768 4508 1999 4605 bohemie
2021 4543 2048 4604 a
2069 4513 2152 4604 rni-

648 4613 970 4753 nisierialibus
1003 4615 1096 4708 suis
1126 4618 1318 4742 capitur·
1350 4636 1400 4714 et
1433 4623 1485 4714 in
1508 4620 1655 4717 castro
1672 4536 1902 4721 §beroen
1921 4658 2012 4754 per
2034 4626 2151 4723 dies.

649 4761 765 4827 xuu.
796 4746 970 4859 captus
995 4746 1206 4910 tenetur.
1270 4736 1386 4859 Quo
1409 4737 1606 4837 dimisso.
1629 4754 1894 4840 cantatum
1929 4744 2152 4957 estrdsdse·
2206 4885 2208 4889 .
