4742 6067
595 449 597 452 ’
716 426 1354 538 osrnnnsovreusn„
1519 424 1522 430 ’
1661 418 1741 553 aar

274 658 369 743 nus
402 621 784 742 christianorurn
805 644 1002 769 reddita
1042 646 1119 742 ell.
1166 646 1250 742 ubi
1279 647 1491 747 aderant
1526 646 1821 751 Ludwicus¹

258 765 376 879 ¹dux
397 764 627 859 bawarie.
650 764 846 861 Ulricus
865 765 1163 859 Patauiensrs
1189 768 1446 893 episcopus
1473 782 1524 862 et
1546 768 1630 863 alii
1651 803 1799 895 quam
1936 772 1956 889 ᾗ

133 901 139 913 ’
272 883 443 1008 plures
467 880 748 977 nobiles‘et
772 882 1020 1009 ignobiles
1050 914 1261 1007 quorum
1291 915 1395 977 non
1422 900 1528 985 erat
1549 918 1797 983 numerus.

274 1002 359 1123 qui
378 998 545 1139 fugam
569 1000 861 1125 arripientes
886 1001 971 1093 uix
989 1002 1259 1095 euaserunt.
1297 1015 1302 1021 ‘'
1318 1001 1525 1096 Ulricus'
1539 1008 1797 1129 patauien·
1872 1112 1874 1117 .

271 1121 327 1213 srs
372 1116 629 1243 ep1scopus
672 1114 735 1210 ab
777 1147 840 1209 cx
877 1115 1105 1211 edicione
1133 1115 1349 1243 'rediens
1391 1119 1709 1216 transmarina
1742 1126 1828 1217 in⁴
1913 1150 1920 1162 ’

273 1236 363 1346 ιιίειΙ
387 1234 524 1329 obiit.
609 1234 702 1329 Cui
735 1150 1033 1330 Geblrardus
1065 1232 1140 1330 de
1161 1236 1317 1361 plaim
1346 1234 1561 1331 eiusdem
1594 1239 1793 1337 ecclesie

279 1354 548 1448 canonicus
579 1351 804 1447 successit.
847 1389 849 1395 ’
1631 1380 1638 1397 ·

216 1466 236 1589 ᾗ
388 1465 791 1566 M⁰.cc⁰.r'rxii⁰.xi.
823 1467 1076 1564 Kalendas
1099 1470 1212 1563 Iulii
1241 1468 1347 1597 poll
1370 1472 1794 1596 uesperas‘confu·

268 1586 321 1683 so
353 1585 511 1680 subito
543 1618 656 1681 aere
687 1588 828 1681 uenit
850 1585 1040 1726 grando
1064 1588 1274 1681 afferens
1297 1586 1490 1714 lapides
1513 1586 1564 1681 in
1590 1587 1793 1697 modum
1941 1682 1942 1685 γ

125 1789 128 1800 .
271 1705 356 1798 oui
379 1700 581 1797 Galline
613 1705 698 1828 qui
726 1734 818 1830 per
846 1734 1073 1829 magnam
1096 1718 1289 1831 partem
1310 1720 1453 1831 prata
1475 1737 1692 1831 campos
1714 1738 1792 1801 or·

269 1837 362 1919 tos.
433 1822 620 1919 orneria
650 1817 1038 1915 deuastauerunt.
1277 1879 1280 1883 ·
1480 1874 1482 1879 ·
1891 1924 1893 1929 Α

270 1998 275 2009 ·
447 1941 477 2031 ⁰.
492 1939 737 2031 cetxxiiit
769 1966 979 2060 corpora
1003 1937 1280 2032 sanctorum
1301 1936 1404 2050 Viti
1418 1954 1469 2033 et
1490 1937 1702 2035 Modesti
1728 1940 1792 2036 ab

228 2143 232 2149 ,
271 2054 436 2147 archie
475 2053 642 2176 iscopo
656 2050 950 2145 Eberhardo
971 2054 1037 2144 Et
1049 2054 1240 2146 Karolo
1259 2054 1544 2149 secouiense‘
1555 2057 1788 2183 episcopo

270 2172 322 2265 in
360 2086 562 2263 ecclesa
592 2168 744 2262 sancti
773 2164 991 2263 Andreae
1026 2183 1147 2291 aput
1176 2167 1374 2262 Laucnt
1407 2174 1623 2265 inuenta.
1658 2176 1793 2267 etin

270 2287 414 2400 altari
446 2280 516 2382 ibi
547 2282 804 2380 recondita
836 2284 1059 2409 plurimis
1097 2316 1152 2377 ee
1192 2300 1336 2400 erunt
1363 2289 1614 2381 coruscare
1648 2292 1791 2383 mira·

268 2404 407 2500 culis.
453 2418 504 2499 et
537 2434 710 2512 eorum
739 2402 948 2527 reliquie
983 2399 1047 2495 ad
1083 2317 1332 2495 ecdlesram
1354 2401 1790 2533 Salczpurgensem

268 2521 330 2615 ab
357 2520 726 2646 archiepiscopo
758 2520 868 2613 sunt
891 2517 1144 2613 translate.
1175 2518 1482 2645 presentibus
1505 2527 1788 2647 patauiense
1824 2566 1827 2574 Α

266 2652 321 2849 ἓξ
346 2639 591 2851 chimerpse
617 2638 872 2763 episcopis.
891 2737 894 2741 A
916 2668 1027 2731 cum
1063 2636 1220 2731 multa
1250 2632 1538 2762 frequencia
1563 2654 1613 2733 et
1637 2642 1788 2768 tripu·

304 2786 354 2851 ιο
424 2790 453 2851 o
493 2790 525 2849 u
545 2788 576 2849 1.
722 2812 727 2821 ·
822 2808 826 2816 .

317 2916 320 2920 ·
383 2790 747 2973 lllsbclxxiiil.
776 2872 824 2966 A
855 2862 1260 2967 Ludwico'duce
1291 2870 1508 2988 bawarie
1546 2872 1793 3001 oppidum.

266 2992 317 3085 in
340 2990 564 3089 Landaw
589 2986 889 3086 construitur.

384 3108 710 3206 M⁰.'ec⁶.xxv⁰.
739 3104 1032 3232 Leupoldus
1057 3100 1157 3201 dux
1179 3106 1367 3203 Austrie
1394 3108 1628 3204 consensu
1654 3109 1789 3240 Ludq
1956 3210 1958 3214 ,

265 3228 383 3323 wici
407 3226 544 3322 ducis
566 3223 783 3331 bawarie
810 3222 1041 3329 construit
1062 3222 1263 3319 castrum
1282 3227 1334 3319 in
1357 3223 1615 3319 Schaerdin
1650 3301 1661 3322 .
1904 3310 1907 3317 .

384 3344 474 3441 M0.
490 3342 717 3439 cc⁰.xxvi.
746 3340 1161 3465 Archiepiscopus
1187 3339 1387 3435 instituit
1418 3339 1583 3439 sedern
1613 3258 1787 3441 sethe-

263 3461 464 3557 dralem
480 3473 599 3585 aput
623 3460 842 3551 sanctum
869 3456 1124 3553 Andream
1145 3460 1197 3550 in
1218 3457 1427 3554 Lauent.
1547 3516 1554 3529 ·
1709 3555 1712 3564 ,

383 3574 728 3675 M⁰.cc⁰.xxvii.
758 3603 936 3698 magna
951 3574 1251 3698 copia‘cruce
1267 3572 1559 3698 srgnatorum
1576 3578 1639 3672 ad
1653 3610 1787 3673 man·

265 3695 439 3792 datum
476 3692 668 3789 domini
697 3720 828 3816 pape
865 3688 1110 3816 Gregorii.
1140 3691 1203 3792 ix.
1234 3692 1328 3784 iter
1370 3692 1787 3819 peregrinationis
1882 3786 1885 3795 ,

179 3838 195 3886 ῑ
264 3816 589 3941 arripuerunt
620 3811 749 3903 inter
775 3837 900 3932 quos
934 3804 1221 3931 augustense
1258 3809 1419 3935 episco
1458 3840 1528 3905 us.
1570 3826 1621 3905 et
1651 3810 1784 3909 Lud-
1910 3862 1914 3869 ι

176 3982 181 3994 ·
262 3934 417 4027 wicus
440 3930 641 4023 maritus
664 3926 830 4038 sancte
841 3923 1114 4051 elyzabeth
1129 3922 1407 4020 lancrauius
1472 3930 1657 4056 uringie
1674 3962 1786 4027 cum

264 4050 377 4145 aliis
410 4044 663 4144 nobilibus
698 4041 943 4137 obierunt
1011 4039 1266 4153 ,Fridrrco
1301 4036 1599 4171 imperatore
1627 4078 1785 4143 rema.

263 4180 431 4262 nente.
463 4195 560 4290 pro
594 4176 670 4257 ter
696 4157 833 4286 quod
855 4160 1008 4286 ipsum
1033 4191 1164 4285 papa
1189 4165 1666 4263 excommunicatum
1689 4166 1781 4261 sol·

262 4282 533 4408 lempniter
556 4195 888 4374 denunciarunt.
919 4310 981 4377 ex
1002 4307 1102 4402 quo
1123 4275 1257 4373 facto
1277 4278 1600 4403 grauissimum
1618 4284 1783 4382 scisma

264 4402 420 4499 oritur
442 4402 572 4493 inter
593 4428 800 4521 regnum
827 4411 878 4489 et
902 4392 1247 4493 sacerdocium.
1726 4490 1730 4499 ,

308 4594 314 4605 ,
380 4514 762 4634 M⁰.cc⁰.xxviij⁰.
818 4514 950 4635 Otto
976 4510 1103 4606 filius
1136 4510 1275 4606 ducis
1306 4510 1541 4610 Ludwici-
1562 4514 1779 4613 bawarie
1894 4574 1901 4586 ·

237 4694 242 4706 ·
264 4651 384 4763 aput
404 4632 720 4757 Strubingam
745 4630 971 4753 presente
1007 4649 1123 4753 rege
1155 4628 1378 4725 heinrico
1405 4647 1456 4727 et
1477 4633 1644 4729 multis
1670 4634 1781 4731 aliis

26 4812 74 4861 .·
257 4751 642 4891 principibusin
666 4747 787 4847 fello
809 4744 1134 4845 Pentecosten
1167 4745 1334 4877 gladio
1361 4750 1630 4882 accingitur
1653 4754 1780 4847 mili·
1834 4770 1837 4777 ’

994 4860 1118 4961 Rrr
1386 4980 1389 4993 Ι
1613 4872 1718 4968 tari.
