4742 6067
557 454 685 537 «ιφ
1071 422 1153 509 rv.
1206 416 1609 505 cunonrcon

368 616 372 620 ²
558 628 921 762 circmnpoirtai
948 626 1126 727 domos
1142 622 1481 758 demoliendo·
1498 622 1882 753 occupauerunt
1975 628 2069 725 irn-
2212 752 2219 761 ,

557 766 761 885 perator
770 749 1036 868 Heinricui
1051 750 1228 845 itervm
1252 747 1416 843 uerius
1438 742 1673 871 Apuliam
1729 756 1945 870 roperat.
1983 747 2070 844 ubi

558 865 1026 1008 occupatiidiuerlis
1041 864 1334 965 ‘ciuitatibus
1348 876 1400 962 et
1428 859 1627 991 oppidis
1654 772 1865 959 lediciter
1904 873 2070 987 trium·¹

555 990 751 1203 phatM·
762 1103 817 1201 C.
828 1100 1080 1215 LXXXX.
1091 1099 1152 1199 V.
1180 1096 1581 1241 Ljupoldpsdux
1605 1098 1783 1240 ,aultrie
1802 1099 1939 1230 Styri
2039 1140 2067 1209 e

440 1253 442 1257 ·
519 1258 525 1264 ·
556 1223 688 1325 infra
717 1219 1046 1320 ebdomadam
1078 1218 1258 1315 natahs
1289 1218 1479 1315 domim
1497 1218 1640 1341 super
1672 1215 1947 1319 rnduratarn
1967 1256 2000 1352 g
2020 1258 2069 1323 a.

557 1344 634 1439 cie
667 1356 850 1438 terram
875 1337 1161 1435 curlltando
1192 1352 1244 1433 et
1275 1335 1493 1465 superbe.
1534 1332 1743 1433 cadente
1774 1338 1917 1465 luper
1936 1344 2068 1443 colle

557 1459 746 1557 duriter
769 1454 1000 1555 Gaballo.
1029 1455 1189 1583 Laplo
1203 1452 1332 1581 pede
1357 1470 1408 1550 et
1428 1451 1696 1555 confracto.
1715 1452 1917 1554 instante
1940 1492 2067 1559 mor·

556 1576 625 1673 tii
651 1575 859 1673 articulo
887 1575 1165 1671 monachus
1196 1574 1336 1701 grisei
1369 1570 1566 1667 habitus
1595 1570 1815 1669 efficitur.
1846 1580 1990 1674 etita
2017 1584 2069 1677 in
2112 1660 2118 1667 .

557 1694 701 1791 breui
732 1696 837 1789 uita
865 1694 1100 1818 priuatur.
1164 1689 1369 1788 ducatus
1405 1688 1574 1785 aullsie
1616 1688 1719 1785 filio
1760 1690 1845 1788 luo
1878 1694 2068 1794 leniori.

553 1812 597 1909 F
597 1809 813 1915 riderico
873 1809 1129 1906 otestatiue
1150 1805 1299 1905 cedit.
1339 1805 1549 1903 ducatur·
1567 1805 1745 1903 veroS
1804 1811 1889 1925 rie.
1930 1812 2070 1913 fram

549 1932 644 2028 luo
676 1842 930 2069 Liupofdo
951 1925 1149 2025 ¹obedit
1233 1921 1439 2021 obfides
1467 1926 1623 2021 eciam
1654 1823 1803 2052 regi?
1808 1928 1973 2056 anglie
2009 1964 2071 2029 ex

550 2046 785 2177 predrcto
809 2059 994 2141 euentu
1015 2043 1311 2143 relaxantur.
1342 2057 1394 2138 et
1416 2040 1600 2169 grande
1651 2042 1811 2141 ondus
1835 2047 1964 2144 male
1988 2082 2073 2147 ex·

488 2268 493 2282 ,
551 2180 669 2263 acte
698 2166 918 2305 pecunie
947 2163 1225 2260 remittitur.
1313 2162 1586 2289 Imperator
1662 2162 1872 2259 einricus
1893 2168 2069 2265 iterum

465 2384 473 2399 ,
549 2279 961 2409 Apuhamadiit
1015 2295 1067 2376 et
1089 2311 1223 2405 pene
1254 2278 1350 2373 llne
1382 2279 1528 2373 armis
1553 2279 1822 2406 triumphat
1842 2280 2069 2384 feliciter.

551 2400 827 2501 Palernunr'
868 2399 890 2520 (
901 2399 1156 2520 Paternum).
1186 2396 1435 2527 Syciliam.
1470 2393 1766 2495 Galabriam.
1796 2398 2069 2501 Salernum

555 2516 857 2647 Neapolym.
875 2532 941 2612 ‘et
959 2516 1151 2642 reliqua
1173 2513 1360 2642 oppida
1383 2515 1510 2609 circa
1533 2516 1788 2631 maritima.
1847 2519 2071 2619 Wilelmi

392 2685 396 2700 ·
556 2635 745 2747 dicioni
778 2633 969 2730 subdita
1001 2649 1225 2760 occupat.
1265 2647 1316 2727 et
1347 2632 1601 2761 galiottam
1672 2648 1892 2731 otentem
1913 2642 2070 2735 nomi·

555 2786 623 2852 ne
647 2753 991 2881 ‘Margaritvm
1048 2752 1266 2878 aliosque
1302 2748 1534 2877 potentes
1566 2751 1615 2843 in
1638 2751 1813 2847 ulanoi
1849 2768 2071 2895 compre..

286 2890 292 2900 ‘
389 2948 393 2954 .
555 2872 746 2973 bendit.
778 2886 829 2967 et
852 2871 1013 2966 iecvm'
1034 2867 1252 2965 abduxit.
1284 2884 1334 2963 et
1346 2869 1622 2967 thesaurum
1646 2867 1888 2967 inlinitum
1912 2906 1963 2969 m
1987 2907 2070 2972 au·

347 3031 351 3038 ¹
548 3020 616 3097 ro
642 3004 694 3110 et
717 3002 923 3115 argento
945 2987 1015 3083 ibi
1038 3020 1134 3085 con
1170 2986 1336 3083 uifiuit
1414 2981 1778 3083 inundaciones
1798 2990 1976 3087 iterum
1995 2993 2068 3090 di·

557 3106 711 3208 uerie.
754 3121 806 3201 et
837 3018 1169 3231 intemperie?
1184 3105 1310 3203 aerii
1335 3118 1494 3202 toturn
1537 3134 1667 3245 pene
1701 3100 1872 3201 orbem
1907 3127 2068 3209 uexat

553 3224 672 3325 Rex
702 3226 865 3352 grecie
903 3239 1115 3321 cecatur.
1150 3223 1277 3319 lilius
1312 3225 1416 3317 eius
1451 3222 1702 3318 occrditur.
1797 3224 2070 3351 imperialis
2191 3292 2196 3299 -

550 3344 693 3441 curia
714 3338 848 3468 apud
867 3342 1098 3437 Warmze
1119 3341 1407 3440 celebratur.
1447 3339 1532 3436 ubi
1554 3354 1608 3435 ut
1631 3338 1884 3437 credimus¹
1904 3342 2071 3443 diuma
2113 3406 2117 3412 ·

300 3588 304 3596 Ι
417 3486 422 3491 ·
557 3459 882 3558 ordinacione
908 3460 1084 3556 iterum
1116 3458 1368 3586 expeditio
1402 3458 1809 3559 ierosolimitana.
1839 3476 1891 3557 et
1911 3464 2071 3561 multi·

552 3574 680 3676 tudo
705 3576 997 3705 fignatorum
1017 3609 1121 3675 non
1144 3577 1352 3673 modica.
1392 3608 1484 3705 per
1514 3584 1725 3677 maxime
1745 3596 1912 3676 tamen
1936 3584 2072 3706 prin·

421 3762 425 3772 ·
557 3698 721 3823 cipum
742 3693 952 3823 gloriose
977 3694 1243 3801 ordinatur.
1300 3694 1543 3795 Sterilitas
1566 3728 1792 3825 agrorum
1815 3712 1867 3792 et
1887 3698 2076 3827 ubique,

556 3830 811 3911 terrarum.
880 3830 1368 3943 interpolatoris'muuus·
1418 3816 1530 3913 Hoc
1553 3846 1684 3913 anno
1706 3805 1874 3911 datum
1897 3816 1961 3911 est
1978 3848 2080 3929 not

334 3958 341 3973 ·
488 3988 491 3992 ›
555 3933 635 4030 bis
703 3931 980 4059 riuilegium
1012 3932 1074 4029 de
1099 3931 1411 4029 Vorichdorf.
1453 3932 1799 4031 aWolfberto
1837 3935 2067 4075 episcopo

480 4130 485 4135 .
552 4050 643 4149 iub
728 4080 821 4145 ane
856 4049 977 4147 oldo
999 4048 1177 4146 abbate
1202 4065 1319 4145 tunc
1339 4049 1629 4148 monasterii.
2257 4094 2270 4125 ·

562 4220 567 4229 ·
675 4078 1165 4266 Modxxxxvl.
1195 4168 1254 4262 In
1267 4164 1464 4263 diuerlrl
1476 4168 1760 4294 regionibus
1763 4168 1908 4265 turba
1920 4168 2068 4298 figna·

557 4296 722 4384 torum
746 4282 829 4381 dei
849 4288 1012 4411 gracia
1032 4286 1396 4427 multiplicatur.
1456 4285 1568 4381 Rex
1589 4288 1803 4412 Vngarie
1824 4286 1949 4381 Bela
1978 4318 2067 4385 no·

382 4423 387 4435 ‘
556 4404 691 4499 mine
714 4402 867 4499 bomo
889 4402 1021 4501 bone
1043 4402 1318 4533 relligronrl
1341 4418 1392 4499 et
1463 4404 1563 4498 acii
1593 4406 1799 4499 moritur
1830 4404 1882 4499 in
1948 4406 2066 4504 alca.

559 4523 685 4617 Otto
695 4520 1115 4650 Babenbergenfii
1132 4523 1388 4665 episcopus
1411 4438 1548 4617 opbiit.
1580 4524 1658 4661 cui
1677 4519 1877 4660 quidam
1886 4437 2066 4661 diemo

554 4636 782 4735 luccellrt.
871 4640 1000 4735 Dux
1012 4638 1210 4735 Sweure
1236 4635 1541 4737 Chunradus.
1571 4637 1909 4736 nnlerabrlrter
1931 4640 2066 4737 obut

557 4757 638 4859 cui
667 4752 836 4866 irater.
857 4758 962 4861 eius
985 4755 1246 4899 Philippus
1271 4755 1497 4863 rucceffit
1555 4756 1793 4865 ulbertus
1816 4772 2067 4983 meprpapo·
