4742 6067
375 420 379 429 ’
552 440 1483 573 ,οιΛυετΒο-ΝΕΟΒΠΒῼΕΜΕ.
1643 510 1648 515 ,
1698 474 1750 553 49

341 656 355 667 “
405 652 476 749 M.
487 651 648 788 xxxvj.
677 648 820 745 Italia
854 636 1034 785 ciuium
1066 640 1307 783 discerdia
1338 644 1544 784 laborat.
1603 589 1832 777 Nup'eie

285 770 497 871 heinrici
525 798 668 979 refrs.
728 764 913 891 Paganr
942 758 1206 909 supradrctr
1224 908 1228 914 ⁸
1246 759 1482 857 Cunradu
1516 771 1800 911 imperatori

27 944 30 952 ν
135 962 138 967 -
288 889 423 983 necti
484 884 559 979 les
597 881 837 977 actisunt.

404 1066 407 1075 ·
468 1000 665 1120 .xxxvij.
698 992 955 1091 Cunradus
978 998 1248 1122 imperator
1265 994 1451 1090 italiam
1487 1026 1597 1091 cum
1620 1000 1837 1094 exerci··

10 1200 17 1207 .
163 1101 166 1106 ¹
292 1136 345 1217 tu
370 1120 505 1247 petit
549 1130 600 1211 et
623 1110 1042 1209 mediolanensem
1074 1113 1493 1240 archiepiscopum
1525 1117 1577 1207 in
1601 1114 1806 1212 custodi·

292 1268 370 1335 am
391 1233 544 1329 milit.¹
566 1234 651 1361 qui
680 1229 797 1443 luffa
819 1230 983 1359 lapsus
1015 1245 1067 1327 et
1087 1229 1194 1353 alijs
1219 1260 1365 1356 quam
1394 1230 1809 1357 pluribus'eidem

291 1353 578 1480 imperatori
600 1348 740 1445 rebel
763 1364 825 1444 at.¹
1030 1443 1034 1451 ,
1073 1406 1078 1423 ·

309 1496 359 1541 ··
406 1468 478 1563 M.
491 1470 687 1589 xxxviij.
716 1461 964 1595 Elyidrud
975 1494 1072 1590 que
1097 1479 1149 1558 et
1170 1461 1344 1558 Chune
1412 1479 1470 1560 nt
1491 1468 1663 1595 regina
1681 1496 1811 1564 uxor·
1869 1494 1875 1505 ’

288 1586 499 1681 heinrici
518 1586 662 1712 regis.
695 1612 774 1678 xv.
797 1580 1037 1677 kalendas
1061 1580 1256 1709 augusti.
1297 1598 1350 1677 et
1409 1612 1671 1679 ermannus
1696 1584 1810 1683 dux.

289 1736 335 1799 v.
354 1700 597 1799 kalendas
619 1698 800 1827 arrgusti
824 1698 1034 1795 initalia
1064 1730 1174 1793 cum
1203 1699 1374 1795 multis
1397 1700 1516 1795 ali's.
1550 1701 1811 1802 Obierunt.

214 1923 239 1939 ,.
291 1818 573 1947 Stephanus
595 1850 684 1914 rex
704 1846 999 1947 vngarormn
1020 1815 1154 1912 bone
1178 1817 1416 1950 memorie
1431 1734 1689 1959 ohijtpro
1710 1851 1815 1949 quo

116 1960 121 1965 ·
290 1952 462 2064 petrus
484 1938 726 2065 regnauit

135 3138 138 3142 ·
299 3121 488 3238 gentes.

410 2053 654 2193 M3xxxirc
686 2044 943 2192 Cunradus
964 2050 1247 2193 imperator.
1270 2052 1317 2173 ij.
1340 2039 1516 2148 Nonas
1537 2053 1663 2193 Iunij
1678 2052 1813 2178 obijc

158 2230 168 2247 ·
293 2173 419 2273 etin
440 2173 640 2309 cruitate
673 2169 869 2296 lprrenfi
895 2168 1140 2379 seFehtur.
1201 2165 1461 2306 §unradus
1485 2183 1538 2299 et
1570 2169 1809 2312 adelbero

295 2288 714 2503 ἓέοἳὲεθῗξιεωηῐ,
771 2286 935 2413 Eclyp
953 2318 994 2380 rs
1016 2286 1143 2381 solra.
1166 2318 1229 2406 xj.
1252 2283 1495 2385 kalendas
1505 2284 1815 2473 Septembris

384 2536 387 2545 '
414 2520 487 2615 M.
499 2520 565 2616 xl.
595 2518 861 2617 Heinricus
884 2516 1012 2612 lilius
1036 2512 1276 2612 chunradi
1296 2546 1351 2611 re
1386 2532 1473 2612 nat
1504 2550 1663 2615 annos
1684 2524 1815 2660 xviij.

296 2640 561 2737 Heinricus
583 2668 672 2731 rex
693 2636 926 2732 bohemie
950 2635 1081 2759 petit
1113 2632 1266 2729 bello.
1307 2544 1391 2730 fed
1400 2634 1578 2769 multis
1600 2668 1819 2848 froceu-

264 2867 268 2873 .
295 2758 388 2853 bus
412 2770 463 2849 et
484 2753 718 2849 militibus
742 2753 794 2847 in
813 2750 1179 2983 Ksellruccione
1208 2749 1332 2845 ‘filue
1355 2754 1476 2847 citra
1498 2767 1550 2847 et
1570 2784 1601 2847 u
1623 2769 1700 2851 tra
1734 2788 1818 2852 oc·

849 2866 1110 2995 ildignum
1135 2868 1330 2994 efficere
1352 2870 1530 2994 potuit

417 2988 489 3084 Μ.
502 2988 582 3083 xl‘.
612 2988 799 3117 Vngari
830 2984 1094 3113 quemdam
1137 3014 1354 3081 ouonem
1385 3016 1439 3079 re
1475 3011 1564 3081 em
1588 2986 1683 3084 libi
1716 2988 1817 3085 ele·

530 3022 734 3201 detrun
757 3134 927 3232 regem
946 3103 1081 3197 suum
1105 3099 1376 3228 expellunt
1489 3106 1701 3201 einricus
1728 3138 1820 3203 rex

300 3258 367 3331 un
402 3224 552 3319 ariam
574 3254 684 3317 cum
714 3223 933 3318 exercitu
966 3219 1199 3354 ingrellus
1220 3218 1336 3348 igne
1367 3218 1621 3349 predaque
1652 3227 1820 3320 omnia

298 2872 400 2971 cilis
426 2870 510 2966 uel
530 2872 701 2997 captis.
731 2870 812 2965 nic

183 3348 468 3439 '‘uat

253 3574 259 3583 ι
419 3458 491 3554 M.
501 3456 599 3579 xlij.
628 3452 931 3552 Adelbertus
967 3455 1187 3550 marchio
1225 3452 1408 3551 austrie.
1465 3470 1517 3551 et
1545 3453 1675 3555 filius
1710 3437 1818 3557 eius

303 3572 594 3703 Leupoldus
615 3576 875 3671 maximam
898 3588 1091 3700 partem
1123 3574 1369 3667 exercitus
1406 3576 1587 3669 ouonis
1618 3572 1821 3672 deleuit.

303 3694 566 3834 Heinricus
586 3721 677 3833 rex
698 3692 876 3788 iterum
897 3692 1149 3819 ungariam
1169 3684 1260 3785 libi
1276 3689 1491 3786 subiecit
1529 3689 1712 3822 Poppo
1735 3725 1823 3821 pa·

247 4019 251 4028 .
300 3808 803 4023 marhhlfxloidlltllifila
824 3926 1110 4051 imperatrix
1139 3906 1528 4021 mater'heimici
1551 3928 1699 4054 regis.
1725 3928 1822 4050 xvj.

305 4041 547 4143 kalendas
616 4045 692 4161 ai.
717 4043 851 4163 obijt.
910 4042 1176 4138 Heinricus
1209 4072 1302 4137 rex<
1326 4044 1483 4139 tercio
1514 4142 1517 4147 ,
1553 4046 1823 4141 aranoniam

300 4181 1032 4489 1cherieffildlslhyrtis·dic‘t}batur.
1084 4276 1212 4489 filffs·
1246 4275 1339 4395 ade
1397 4279 1492 4373 erti
1523 4308 1655 4374 marc
1695 4281 1824 4376 'onis

309 4396 935 4635 autmffiffitufieivfirlicffi
959 4394 1264 4639 {gheffuditso
1300 4507 1518 4609 oudnem
1550 4541 1721 4643 regem
1748 4544 1825 4642 re·
1965 4587 1967 4592 -

307 4628 741 4739 bellantemuicit.
773 4647 825 4727 et
842 4645 1038 4757 petrum
1060 4660 1219 4757 regnu
1240 4630 1326 4726 suo
1347 4629 1564 4727 restituit
1812 4660 1816 4666 ·
1876 4685 1881 4693 =

424 4746 610 4909 Mathe
646 4747 825 4909 Petrus
856 4779 958 4851 ress
1000 4748 1278 4963 helgrim
1305 4779 1473 4883 regem
1501 4749 1557 4862 in
1585 4763 1825 4963 perlrltglco·
1900 4835 1902 4838 .
1933 4834 1965 4861 ,,

604 4192 719 4257 aros
739 4191 831 4287 per
851 4158 1184 4255 iuliurandum
1203 4159 1339 4255 subiu
1373 4162 1488 4256 auit
1575 4192 1637 4255 eu
1676 4160 1822 4258 oldus
1952 4204 1958 4210 ‚
