<?xml version="1.0" encoding="UTF-8"?>
<!DOCTYPE html PUBLIC "-//W3C//DTD XHTML 1.0 Transitional//EN"
    "http://www.w3.org/TR/xhtml1/DTD/xhtml1-transitional.dtd">
<html xmlns="http://www.w3.org/1999/xhtml" xml:lang="en" lang="en">
 <head>
  <title>
</title>
<meta http-equiv="Content-Type" content="text/html;charset=utf-8" />
  <meta name='ocr-system' content='tesseract 3.04.00' />
  <meta name='ocr-capabilities' content='ocr_page ocr_carea ocr_par ocr_line ocrx_word'/>
</head>
<body>
  <div class='ocr_page' id='page_1' title='image "./rerumavstriacar02raucgoog_0205.png"; bbox 0 0 4742 6067; ppageno 0'>
   <div class='ocr_carea' id='block_1_1' title="bbox 289 326 1712 481">
    <p class='ocr_par' dir='ltr' id='par_1_1' title="bbox 289 326 1712 481">
     <span class='ocr_line' id='line_1_1' title="bbox 289 326 1712 481; baseline -0.007 -36"><span class='ocrx_word' id='word_1_1' title='bbox 289 347 347 376; x_wconf 84' lang='grc'><strong>’·</strong></span> <span class='ocrx_word' id='word_1_2' title='bbox 474 474 478 481; x_wconf 5' lang='grc' dir='ltr'>ἃ</span> <span class='ocrx_word' id='word_1_3' title='bbox 574 384 646 457; x_wconf 59' lang='lat' dir='ltr'><strong>aa</strong></span> <span class='ocrx_word' id='word_1_4' title='bbox 970 326 1542 437; x_wconf 72' lang='lat' dir='ltr'><strong>&#39;ruenuorrreon&#39;</strong></span> <span class='ocrx_word' id='word_1_5' title='bbox 1708 352 1712 361; x_wconf 86' lang='grc'><em>·</em></span> 
     </span>
    </p>
   </div>
   <div class='ocr_carea' id='block_1_2' title="bbox 516 515 2209 721">
    <p class='ocr_par' dir='ltr' id='par_1_2' title="bbox 516 515 2209 721">
     <span class='ocr_line' id='line_1_2' title="bbox 516 515 2209 721; baseline -0.003 -42"><span class='ocrx_word' id='word_1_6' title='bbox 516 576 757 679; x_wconf 84' lang='lat' dir='ltr'><strong>tauiensis.</strong></span> <span class='ocrx_word' id='word_1_7' title='bbox 799 558 1064 678; x_wconf 78' lang='lat' dir='ltr'><strong>Gotfridus</strong></span> <span class='ocrx_word' id='word_1_8' title='bbox 1093 548 1510 721; x_wconf 64' lang='lat' dir='ltr'><strong>Werrburgensrs.</strong></span> <span class='ocrx_word' id='word_1_9' title='bbox 1542 546 1759 716; x_wconf 79' lang='lat' dir='ltr'><strong>episcopi</strong></span> <span class='ocrx_word' id='word_1_10' title='bbox 1792 515 2036 681; x_wconf 82' lang='lat' dir='ltr'><strong>obierunt.</strong></span> <span class='ocrx_word' id='word_1_11' title='bbox 2201 592 2209 604; x_wconf 87' lang='lat'>&#39;</span> 
     </span>
    </p>
   </div>
   <div class='ocr_carea' id='block_1_3' title="bbox 186 690 2183 4913">
    <p class='ocr_par' dir='ltr' id='par_1_3' title="bbox 514 690 2040 941">
     <span class='ocr_line' id='line_1_3' title="bbox 517 690 2036 821; baseline -0.005 -23"><span class='ocrx_word' id='word_1_12' title='bbox 517 690 782 798; x_wconf 80' lang='lat' dir='ltr'><strong>Heinricus</strong></span> <span class='ocrx_word' id='word_1_13' title='bbox 806 726 894 793; x_wconf 84' lang='lat' dir='ltr'><strong>rex</strong></span> <span class='ocrx_word' id='word_1_14' title='bbox 913 694 1040 789; x_wconf 86' lang='lat' dir='ltr'><strong>silius</strong></span> <span class='ocrx_word' id='word_1_15' title='bbox 1061 694 1317 792; x_wconf 88' lang='lat' dir='ltr'><strong>Friderrci</strong></span> <span class='ocrx_word' id='word_1_16' title='bbox 1336 709 1649 821; x_wconf 86' lang='lat' dir='ltr'><strong>rmperatons</strong></span> <span class='ocrx_word' id='word_1_17' title='bbox 1683 697 1969 805; x_wconf 57' lang='lat' dir='ltr'><strong>exercitvm,</strong></span> <span class='ocrx_word' id='word_1_18' title='bbox 1985 699 2036 791; x_wconf 89' lang='lat' dir='ltr'><strong>in</strong></span> 
     </span>
     <span class='ocr_line' id='line_1_4' title="bbox 514 812 2040 941; baseline 0 -32"><span class='ocrx_word' id='word_1_19' title='bbox 514 819 567 917; x_wconf 80' lang='grc' dir='ltr'><strong>Α</strong></span> <span class='ocrx_word' id='word_1_20' title='bbox 602 814 753 909; x_wconf 88' lang='lat' dir='ltr'><strong>uliam</strong></span> <span class='ocrx_word' id='word_1_21' title='bbox 782 815 953 909; x_wconf 91' lang='lat' dir='ltr'><strong>mouit.</strong></span> <span class='ocrx_word' id='word_1_22' title='bbox 996 813 1111 941; x_wconf 88' lang='lat' dir='ltr'><strong>quia</strong></span> <span class='ocrx_word' id='word_1_23' title='bbox 1145 842 1223 935; x_wconf 68' lang='lat' dir='ltr'><strong>en⁴</strong></span> <span class='ocrx_word' id='word_1_24' title='bbox 1250 816 1398 920; x_wconf 88' lang='lat' dir='ltr'><strong>coniu</strong></span> <span class='ocrx_word' id='word_1_25' title='bbox 1434 844 1461 908; x_wconf 92' lang='lat' dir='ltr'><strong>e</strong></span> <span class='ocrx_word' id='word_1_26' title='bbox 1489 812 1578 907; x_wconf 84' lang='lat' dir='ltr'><strong>&#39;sua</strong></span> <span class='ocrx_word' id='word_1_27' title='bbox 1597 908 1600 914; x_wconf 79' lang='grc'><strong>,</strong></span> <span class='ocrx_word' id='word_1_28' title='bbox 1619 826 1772 936; x_wconf 86' lang='lat' dir='ltr'><strong>nepte</strong></span> <span class='ocrx_word' id='word_1_29' title='bbox 1804 812 2040 909; x_wconf 81' lang='lat' dir='ltr'><strong>videlicet</strong></span> 
     </span>
    </p>

    <p class='ocr_par' dir='ltr' id='par_1_4' title="bbox 355 842 2077 1529">
     <span class='ocr_line' id='line_1_5' title="bbox 355 842 1940 1029; baseline -0.008 1"><span class='ocrx_word' id='word_1_30' title='bbox 355 986 360 997; x_wconf 93' lang='lat'>·</span> <span class='ocrx_word' id='word_1_31' title='bbox 512 966 521 980; x_wconf 93' lang='lat'><strong>·</strong></span> <span class='ocrx_word' id='word_1_32' title='bbox 588 932 822 1029; x_wconf 44' lang='lat' dir='ltr'><strong>iiehelmir</strong></span> <span class='ocrx_word' id='word_1_33' title='bbox 852 931 986 1027; x_wconf 90' lang='lat' dir='ltr'><strong>idem</strong></span> <span class='ocrx_word' id='word_1_34' title='bbox 1006 962 1059 1028; x_wconf 89' lang='lat' dir='ltr'><strong>re</strong></span> <span class='ocrx_word' id='word_1_35' title='bbox 1095 961 1213 1025; x_wconf 90' lang='lat' dir='ltr'><strong>num</strong></span> <span class='ocrx_word' id='word_1_36' title='bbox 1234 930 1317 1027; x_wconf 92' lang='lat' dir='ltr'><strong>sibi</strong></span> <span class='ocrx_word' id='word_1_37' title='bbox 1338 842 1518 1028; x_wconf 62' lang='lat' dir='ltr'><strong>sudasse</strong></span> <span class='ocrx_word' id='word_1_38' title='bbox 1541 922 1757 1025; x_wconf 83' lang='lat' dir='ltr'><strong>debebit</strong></span> <span class='ocrx_word' id='word_1_39' title='bbox 1934 1010 1940 1018; x_wconf 90' lang='lat'><strong>.</strong></span> 
     </span>
     <span class='ocr_line' id='line_1_6' title="bbox 511 961 2038 1177; baseline -0.003 -30"><span class='ocrx_word' id='word_1_40' title='bbox 511 1093 515 1103; x_wconf 58' lang='lat'>¹</span> <span class='ocrx_word' id='word_1_41' title='bbox 638 1043 711 1147; x_wconf 90' lang='grc' dir='ltr'><strong>Μ.</strong></span> <span class='ocrx_word' id='word_1_42' title='bbox 724 1048 777 1145; x_wconf 91' lang='lat' dir='ltr'><strong>.C.</strong></span> <span class='ocrx_word' id='word_1_43' title='bbox 790 961 1097 1151; x_wconf 74' lang='lat' dir='ltr'><strong>LXXXX.i.</strong></span> <span class='ocrx_word' id='word_1_44' title='bbox 1128 1046 1348 1177; x_wconf 83' lang='lat' dir='ltr'><strong>Eclypsis</strong></span> <span class='ocrx_word' id='word_1_45' title='bbox 1367 1049 1483 1146; x_wconf 92' lang='lat' dir='ltr'><strong>solis</strong></span> <span class='ocrx_word' id='word_1_46' title='bbox 1495 1046 1629 1142; x_wconf 88' lang='lat' dir='ltr'><strong>facta</strong></span> <span class='ocrx_word' id='word_1_47' title='bbox 1650 1046 1716 1141; x_wconf 87' lang='lat' dir='ltr'><strong>est</strong></span> <span class='ocrx_word' id='word_1_48' title='bbox 1725 1047 1840 1141; x_wconf 85' lang='lat' dir='ltr'><strong>viiii</strong></span> <span class='ocrx_word' id='word_1_49' title='bbox 1865 1042 2038 1143; x_wconf 87' lang='lat' dir='ltr'><strong>&#39;kalen&#39;-</strong></span> 
     </span>
     <span class='ocr_line' id='line_1_7' title="bbox 518 1158 2077 1295; baseline -0.003 -28"><span class='ocrx_word' id='word_1_50' title='bbox 518 1166 609 1267; x_wconf 87' lang='lat' dir='ltr'><strong>das</strong></span> <span class='ocrx_word' id='word_1_51' title='bbox 631 1166 755 1264; x_wconf 82' lang='lat' dir='ltr'><strong>Iulii</strong></span> <span class='ocrx_word' id='word_1_52' title='bbox 788 1169 916 1266; x_wconf 87' lang='lat' dir='ltr'><strong>circa</strong></span> <span class='ocrx_word' id='word_1_53' title='bbox 940 1167 1114 1263; x_wconf 90' lang='lat' dir='ltr'><strong>horam</strong></span> <span class='ocrx_word' id='word_1_54' title='bbox 1137 1195 1336 1262; x_wconf 88' lang='lat' dir='ltr'><strong>nonam.</strong></span> <span class='ocrx_word' id='word_1_55' title='bbox 1445 1158 1741 1289; x_wconf 83' lang='lat' dir='ltr'><strong>Wolskerus</strong></span> <span class='ocrx_word' id='word_1_56' title='bbox 1780 1165 1942 1295; x_wconf 89' lang='lat' dir='ltr'><strong>episco</strong></span> <span class='ocrx_word' id='word_1_57' title='bbox 1984 1199 2039 1262; x_wconf 80' lang='lat' dir='ltr'><strong>us</strong></span> <span class='ocrx_word' id='word_1_58' title='bbox 2074 1226 2077 1235; x_wconf 19' lang='grc' dir='ltr'><strong>Α</strong></span> 
     </span>
     <span class='ocr_line' id='line_1_8' title="bbox 516 1199 2034 1415; baseline -0.002 -34"><span class='ocrx_word' id='word_1_59' title='bbox 516 1286 726 1415; x_wconf 62' lang='lat' dir='ltr'><strong>patauie‘</strong></span> <span class='ocrx_word' id='word_1_60' title='bbox 747 1280 966 1413; x_wconf 62' lang='lat' dir='ltr'><strong>cligitur,</strong></span> <span class='ocrx_word' id='word_1_61' title='bbox 992 1288 1067 1381; x_wconf 90' lang='lat' dir='ltr'><strong>vir</strong></span> <span class='ocrx_word' id='word_1_62' title='bbox 1095 1286 1150 1379; x_wconf 88' lang='lat' dir='ltr'><strong>in</strong></span> <span class='ocrx_word' id='word_1_63' title='bbox 1174 1280 1351 1397; x_wconf 86' lang='lat' dir='ltr'><strong>diuino</strong></span> <span class='ocrx_word' id='word_1_64' title='bbox 1384 1284 1590 1412; x_wconf 80' lang='lat' dir='ltr'><strong>peritus¹</strong></span> <span class='ocrx_word' id='word_1_65' title='bbox 1618 1281 1834 1408; x_wconf 90' lang='lat' dir='ltr'><strong>eloquio.</strong></span> <span class='ocrx_word' id='word_1_66' title='bbox 1930 1199 2034 1381; x_wconf 57' lang='lat' dir='ltr'><strong>die*</strong></span> 
     </span>
     <span class='ocr_line' id='line_1_9' title="bbox 519 1398 2039 1529; baseline -0.001 -28"><span class='ocrx_word' id='word_1_67' title='bbox 519 1434 668 1501; x_wconf 77' lang='lat' dir='ltr'><strong>mene</strong></span> <span class='ocrx_word' id='word_1_68' title='bbox 694 1434 834 1529; x_wconf 81' lang='lat' dir='ltr'><strong>papa.</strong></span> <span class='ocrx_word' id='word_1_69' title='bbox 865 1402 1015 1501; x_wconf 75' lang='lat' dir='ltr'><strong>obiit:</strong></span> <span class='ocrx_word' id='word_1_70' title='bbox 1043 1398 1313 1499; x_wconf 80' lang='lat' dir='ltr'><strong>Celesiinus</strong></span> <span class='ocrx_word' id='word_1_71' title='bbox 1337 1399 1558 1518; x_wconf 83' lang='lat' dir='ltr'><strong>successrt¹</strong></span> <span class='ocrx_word' id='word_1_72' title='bbox 1580 1432 1611 1495; x_wconf 92' lang='lat' dir='ltr'><strong>a</strong></span> <span class='ocrx_word' id='word_1_73' title='bbox 1679 1430 1745 1511; x_wconf 90' lang='lat' dir='ltr'><strong>uo</strong></span> <span class='ocrx_word' id='word_1_74' title='bbox 1780 1400 2039 1501; x_wconf 87' lang='lat' dir='ltr'><strong>Heinricus</strong></span> 
     </span>
    </p>

    <p class='ocr_par' dir='ltr' id='par_1_5' title="bbox 203 1429 2047 1777">
     <span class='ocr_line' id='line_1_10' title="bbox 203 1429 2041 1653; baseline -0.004 -30"><span class='ocrx_word' id='word_1_75' title='bbox 203 1618 217 1639; x_wconf 71' lang='lat'><em>,</em></span> <span class='ocrx_word' id='word_1_76' title='bbox 500 1524 791 1653; x_wconf 81' lang='lat' dir='ltr'><strong>imperator</strong></span> <span class='ocrx_word' id='word_1_77' title='bbox 813 1533 865 1615; x_wconf 82' lang='lat' dir='ltr'><strong>&#39;et</strong></span> <span class='ocrx_word' id='word_1_78' title='bbox 886 1550 1011 1618; x_wconf 87' lang='lat' dir='ltr'><strong>uxor</strong></span> <span class='ocrx_word' id='word_1_79' title='bbox 1025 1519 1458 1616; x_wconf 74' lang='lat' dir='ltr'><strong>eiuscoronantun</strong></span> <span class='ocrx_word' id='word_1_80' title='bbox 1494 1429 1701 1624; x_wconf 73' lang='lat' dir='ltr'><strong>Exinde</strong></span> <span class='ocrx_word' id='word_1_81' title='bbox 1724 1522 1954 1613; x_wconf 89' lang='lat' dir='ltr'><strong>contraA</strong></span> <span class='ocrx_word' id='word_1_82' title='bbox 1990 1550 2041 1616; x_wconf 90' lang='lat' dir='ltr'><strong>u·</strong></span> 
     </span>
     <span class='ocr_line' id='line_1_11' title="bbox 280 1552 2047 1777; baseline -0.001 -43"><span class='ocrx_word' id='word_1_83' title='bbox 280 1741 284 1749; x_wconf 60' lang='grc'><em>,</em></span> <span class='ocrx_word' id='word_1_84' title='bbox 437 1691 444 1699; x_wconf 93' lang='lat'><strong>·</strong></span> <span class='ocrx_word' id='word_1_85' title='bbox 495 1639 640 1735; x_wconf 74' lang='lat' dir='ltr'><strong>‚iiam</strong></span> <span class='ocrx_word' id='word_1_86' title='bbox 670 1636 887 1734; x_wconf 91' lang='lat' dir='ltr'><strong>collecto</strong></span> <span class='ocrx_word' id='word_1_87' title='bbox 914 1640 1138 1739; x_wconf 86' lang='lat' dir='ltr'><strong>exercitu</strong></span> <span class='ocrx_word' id='word_1_88' title='bbox 1169 1652 1455 1777; x_wconf 89' lang='lat' dir='ltr'><strong>properant.</strong></span> <span class='ocrx_word' id='word_1_89' title='bbox 1497 1632 1581 1731; x_wconf 94' lang='lat' dir='ltr'><strong>sed</strong></span> <span class='ocrx_word' id='word_1_90' title='bbox 1612 1637 1664 1730; x_wconf 89' lang='lat' dir='ltr'><strong>in</strong></span> <span class='ocrx_word' id='word_1_91' title='bbox 1694 1666 1877 1757; x_wconf 92' lang='lat' dir='ltr'><strong>uanum</strong></span> <span class='ocrx_word' id='word_1_92' title='bbox 1905 1552 2047 1732; x_wconf 64' lang='lat' dir='ltr'><strong>laio·</strong></span> 
     </span>
    </p>

    <p class='ocr_par' dir='ltr' id='par_1_6' title="bbox 451 1752 2099 1893">
     <span class='ocr_line' id='line_1_12' title="bbox 451 1752 2099 1893; baseline -0.002 -40"><span class='ocrx_word' id='word_1_93' title='bbox 451 1776 459 1788; x_wconf 74' lang='grc'><strong>’“</strong></span> <span class='ocrx_word' id='word_1_94' title='bbox 516 1770 646 1853; x_wconf 89' lang='lat' dir='ltr'><strong>rant.</strong></span> <span class='ocrx_word' id='word_1_95' title='bbox 697 1752 828 1851; x_wconf 88' lang='lat' dir='ltr'><strong>Nam</strong></span> <span class='ocrx_word' id='word_1_96' title='bbox 843 1757 1087 1851; x_wconf 87' lang='lat' dir='ltr'><strong>exercitus</strong></span> <span class='ocrx_word' id='word_1_97' title='bbox 1102 1752 1186 1850; x_wconf 88' lang='lat' dir='ltr'><strong>der</strong></span> <span class='ocrx_word' id='word_1_98' title='bbox 1204 1754 1514 1880; x_wconf 84' lang='lat' dir='ltr'><strong>permissione</strong></span> <span class='ocrx_word' id='word_1_99' title='bbox 1526 1752 1815 1893; x_wconf 89' lang='lat' dir='ltr'><strong>percellitur</strong></span> <span class='ocrx_word' id='word_1_100' title='bbox 1836 1757 2045 1849; x_wconf 80' lang='lat' dir='ltr'><strong>maxima</strong></span> <span class='ocrx_word' id='word_1_101' title='bbox 2089 1808 2099 1815; x_wconf 96' lang='lat'>-</span> 
     </span>
    </p>

    <p class='ocr_par' dir='ltr' id='par_1_7' title="bbox 516 1867 2044 1999">
     <span class='ocr_line' id='line_1_13' title="bbox 516 1867 2044 1999; baseline -0.001 -31"><span class='ocrx_word' id='word_1_102' title='bbox 516 1872 843 1969; x_wconf 76' lang='lat' dir='ltr'><strong>mortalitate·</strong></span> <span class='ocrx_word' id='word_1_103' title='bbox 860 1873 961 1969; x_wconf 86' lang='lat' dir='ltr'><strong>uix·</strong></span> <span class='ocrx_word' id='word_1_104' title='bbox 975 1871 1267 1999; x_wconf 76' lang='lat' dir='ltr'><strong>paucissumis</strong></span> <span class='ocrx_word' id='word_1_105' title='bbox 1278 1871 1661 1983; x_wconf 80' lang='lat' dir='ltr'><strong>remanentlbus.</strong></span> <span class='ocrx_word' id='word_1_106' title='bbox 1692 1884 1743 1968; x_wconf 91' lang='lat' dir='ltr'><strong>et</strong></span> <span class='ocrx_word' id='word_1_107' title='bbox 1762 1867 1948 1965; x_wconf 84' lang='lat' dir='ltr'><strong>hisdem</strong></span> <span class='ocrx_word' id='word_1_108' title='bbox 1960 1902 2044 1997; x_wconf 89' lang='lat' dir='ltr'><strong>pc·</strong></span> 
     </span>
    </p>

    <p class='ocr_par' dir='ltr' id='par_1_8' title="bbox 517 1987 2044 2118">
     <span class='ocr_line' id='line_1_14' title="bbox 517 1987 2044 2118; baseline 0.003 -39"><span class='ocrx_word' id='word_1_109' title='bbox 517 1990 615 2086; x_wconf 76' lang='lat' dir='ltr'><strong>,des</strong></span> <span class='ocrx_word' id='word_1_110' title='bbox 640 1987 1036 2117; x_wconf 74' lang='lat' dir='ltr'><strong>repatriantibus.</strong></span> <span class='ocrx_word' id='word_1_111' title='bbox 1073 1992 1248 2118; x_wconf 83' lang='lat' dir='ltr'><strong>regina</strong></span> <span class='ocrx_word' id='word_1_112' title='bbox 1278 1988 1737 2116; x_wconf 82' lang='lat' dir='ltr'><strong>tamencaptiuata</strong></span> <span class='ocrx_word' id='word_1_113' title='bbox 1779 1988 2044 2087; x_wconf 87' lang='lat' dir='ltr'><strong>etibidem</strong></span> 
     </span>
    </p>

    <p class='ocr_par' dir='ltr' id='par_1_9' title="bbox 519 2102 2044 2235">
     <span class='ocr_line' id='line_1_15' title="bbox 519 2102 2044 2235; baseline 0.004 -41"><span class='ocrx_word' id='word_1_114' title='bbox 519 2106 726 2205; x_wconf 77' lang='lat' dir='ltr'><strong>‚confuse</strong></span> <span class='ocrx_word' id='word_1_115' title='bbox 749 2105 937 2203; x_wconf 86' lang='lat' dir='ltr'><strong>relicta</strong></span> <span class='ocrx_word' id='word_1_116' title='bbox 1031 2102 1146 2203; x_wconf 85' lang='lat' dir='ltr'><strong>Rex</strong></span> <span class='ocrx_word' id='word_1_117' title='bbox 1167 2108 1326 2217; x_wconf 89' lang='lat' dir='ltr'><strong>eciam</strong></span> <span class='ocrx_word' id='word_1_118' title='bbox 1349 2106 1608 2235; x_wconf 82' lang='lat' dir='ltr'>anglorum</span> <span class='ocrx_word' id='word_1_119' title='bbox 1626 2103 1903 2203; x_wconf 87' lang='lat' dir='ltr'><strong>Richardus</strong></span> <span class='ocrx_word' id='word_1_120' title='bbox 1927 2106 2044 2203; x_wconf 80' lang='lat' dir='ltr'><strong>uali-</strong></span> 
     </span>
    </p>

    <p class='ocr_par' dir='ltr' id='par_1_10' title="bbox 526 2222 2046 2347">
     <span class='ocr_line' id='line_1_16' title="bbox 526 2222 2046 2347; baseline 0 -28"><span class='ocrx_word' id='word_1_121' title='bbox 526 2224 595 2319; x_wconf 87' lang='lat' dir='ltr'><strong>da</strong></span> <span class='ocrx_word' id='word_1_122' title='bbox 615 2255 765 2319; x_wconf 85' lang='lat' dir='ltr'><strong>manu</strong></span> <span class='ocrx_word' id='word_1_123' title='bbox 789 2238 1100 2320; x_wconf 89' lang='lat' dir='ltr'><strong>armatorum.</strong></span> <span class='ocrx_word' id='word_1_124' title='bbox 1142 2240 1200 2347; x_wconf 86' lang='lat' dir='ltr'><strong>et</strong></span> <span class='ocrx_word' id='word_1_125' title='bbox 1226 2226 1486 2319; x_wconf 85' lang='lat' dir='ltr'><strong>innumera</strong></span> <span class='ocrx_word' id='word_1_126' title='bbox 1519 2222 1672 2341; x_wconf 88' lang='lat' dir='ltr'><strong>classe.</strong></span> <span class='ocrx_word' id='word_1_127' title='bbox 1714 2238 1766 2319; x_wconf 86' lang='lat' dir='ltr'><strong>et</strong></span> <span class='ocrx_word' id='word_1_128' title='bbox 1785 2232 2046 2329; x_wconf 39' lang='lat' dir='ltr'><strong>*murorum</strong></span> 
     </span>
    </p>

    <p class='ocr_par' dir='ltr' id='par_1_11' title="bbox 527 2339 2049 2455">
     <span class='ocr_line' id='line_1_17' title="bbox 527 2339 2049 2455; baseline -0.002 -17"><span class='ocrx_word' id='word_1_129' title='bbox 527 2358 758 2448; x_wconf 70' lang='lat' dir='ltr'><strong>extructa,</strong></span> <span class='ocrx_word' id='word_1_130' title='bbox 786 2372 899 2435; x_wconf 94' lang='lat' dir='ltr'><strong>cum</strong></span> <span class='ocrx_word' id='word_1_131' title='bbox 928 2372 981 2441; x_wconf 89' lang='lat' dir='ltr'><strong>re</strong></span> <span class='ocrx_word' id='word_1_132' title='bbox 1017 2340 1272 2445; x_wconf 83' lang='lat' dir='ltr'><strong>efrancie.</strong></span> <span class='ocrx_word' id='word_1_133' title='bbox 1304 2355 1356 2449; x_wconf 87' lang='lat' dir='ltr'><strong>et</strong></span> <span class='ocrx_word' id='word_1_134' title='bbox 1388 2342 1568 2455; x_wconf 82' lang='lat' dir='ltr'><strong>comite</strong></span> <span class='ocrx_word' id='word_1_135' title='bbox 1597 2339 1852 2437; x_wconf 83' lang='lat' dir='ltr'><strong>flandrenfi</strong></span> <span class='ocrx_word' id='word_1_136' title='bbox 1884 2342 2049 2445; x_wconf 86' lang='lat' dir='ltr'><strong>uersus</strong></span> 
     </span>
    </p>

    <p class='ocr_par' dir='ltr' id='par_1_12' title="bbox 367 2455 2050 2587">
     <span class='ocr_line' id='line_1_18' title="bbox 367 2455 2050 2587; baseline -0.002 -30"><span class='ocrx_word' id='word_1_137' title='bbox 367 2537 371 2543; x_wconf 76' lang='lat'><em>.</em></span> <span class='ocrx_word' id='word_1_138' title='bbox 526 2460 735 2557; x_wconf 82' lang='lat' dir='ltr'><strong>Akaron</strong></span> <span class='ocrx_word' id='word_1_139' title='bbox 753 2455 930 2555; x_wconf 85' lang='lat' dir='ltr'><strong>tendit.</strong></span> <span class='ocrx_word' id='word_1_140' title='bbox 1009 2490 1098 2555; x_wconf 89' lang='lat' dir='ltr'><strong>-ac</strong></span> <span class='ocrx_word' id='word_1_141' title='bbox 1123 2460 1176 2555; x_wconf 90' lang='lat' dir='ltr'><strong>in</strong></span> <span class='ocrx_word' id='word_1_142' title='bbox 1197 2458 1279 2553; x_wconf 90' lang='lat' dir='ltr'><strong>uia</strong></span> <span class='ocrx_word' id='word_1_143' title='bbox 1292 2456 1511 2587; x_wconf 84' lang='lat' dir='ltr'>Cyprum</span> <span class='ocrx_word' id='word_1_144' title='bbox 1532 2457 1732 2585; x_wconf 84' lang='lat' dir='ltr'><strong>obsedit</strong></span> <span class='ocrx_word' id='word_1_145' title='bbox 1765 2457 2050 2579; x_wconf 84' lang='lat' dir='ltr'><strong>debellauit.</strong></span> 
     </span>
    </p>

    <p class='ocr_par' dir='ltr' id='par_1_13' title="bbox 186 2574 2049 2940">
     <span class='ocr_line' id='line_1_19' title="bbox 186 2574 2047 2717; baseline 0.001 -46"><span class='ocrx_word' id='word_1_146' title='bbox 186 2601 190 2608; x_wconf 82' lang='lat'><em>·</em></span> <span class='ocrx_word' id='word_1_147' title='bbox 530 2574 708 2673; x_wconf 90' lang='lat' dir='ltr'><strong>ducem</strong></span> <span class='ocrx_word' id='word_1_148' title='bbox 730 2576 1029 2717; x_wconf 84' lang='lat' dir='ltr'><strong>captiuauit</strong></span> <span class='ocrx_word' id='word_1_149' title='bbox 1049 2592 1112 2673; x_wconf 88' lang='lat' dir='ltr'><strong>et</strong></span> <span class='ocrx_word' id='word_1_150' title='bbox 1156 2574 1433 2705; x_wconf 78' lang='lat' dir='ltr'><strong>predictam</strong></span> <span class='ocrx_word' id='word_1_151' title='bbox 1468 2574 1673 2672; x_wconf 86' lang='lat' dir='ltr'><strong>insulam</strong></span> <span class='ocrx_word' id='word_1_152' title='bbox 1706 2575 1927 2675; x_wconf 91' lang='lat' dir='ltr'><strong>dominio</strong></span> <span class='ocrx_word' id='word_1_153' title='bbox 1962 2576 2047 2691; x_wconf 84' lang='lat' dir='ltr'><strong>suo</strong></span> 
     </span>
     <span class='ocr_line' id='line_1_20' title="bbox 302 2694 2048 2824; baseline -0.002 -34"><span class='ocrx_word' id='word_1_154' title='bbox 302 2814 305 2824; x_wconf 24' lang='grc' dir='ltr'>Ι</span> <span class='ocrx_word' id='word_1_155' title='bbox 529 2696 843 2823; x_wconf 83' lang='lat' dir='ltr'><strong>mancipaurt</strong></span> <span class='ocrx_word' id='word_1_156' title='bbox 901 2694 1110 2824; x_wconf 86' lang='lat' dir='ltr'><strong>Akaron</strong></span> <span class='ocrx_word' id='word_1_157' title='bbox 1135 2708 1336 2823; x_wconf 88' lang='lat' dir='ltr'><strong>quoque</strong></span> <span class='ocrx_word' id='word_1_158' title='bbox 1365 2694 1464 2805; x_wconf 92' lang='lat' dir='ltr'><strong>iam</strong></span> <span class='ocrx_word' id='word_1_159' title='bbox 1485 2695 1702 2803; x_wconf 87' lang='lat' dir='ltr'><strong>triennio</strong></span> <span class='ocrx_word' id='word_1_160' title='bbox 1734 2694 2048 2791; x_wconf 85' lang='lat' dir='ltr'><strong>asarracenis</strong></span> 
     </span>
     <span class='ocr_line' id='line_1_21' title="bbox 260 2810 2049 2940; baseline -0.002 -32"><span class='ocrx_word' id='word_1_161' title='bbox 260 2840 268 2855; x_wconf 78' lang='grc'><em>·</em></span> <span class='ocrx_word' id='word_1_162' title='bbox 358 2925 361 2931; x_wconf 35' lang='grc'><em>,</em></span> <span class='ocrx_word' id='word_1_163' title='bbox 516 2820 824 2938; x_wconf 76' lang='lat' dir='ltr'><strong>¹occupatam</strong></span> <span class='ocrx_word' id='word_1_164' title='bbox 846 2814 898 2907; x_wconf 93' lang='lat' dir='ltr'><strong>in</strong></span> <span class='ocrx_word' id='word_1_165' title='bbox 918 2810 1219 2921; x_wconf 86' lang='lat' dir='ltr'><strong>manuforti</strong></span> <span class='ocrx_word' id='word_1_166' title='bbox 1253 2812 1568 2940; x_wconf 83' lang='lat' dir='ltr'><strong>expugnauit</strong></span> <span class='ocrx_word' id='word_1_167' title='bbox 1601 2814 1822 2908; x_wconf 88' lang='lat' dir='ltr'><strong>eteruit</strong></span> <span class='ocrx_word' id='word_1_168' title='bbox 1864 2828 1915 2908; x_wconf 93' lang='lat' dir='ltr'><strong>et</strong></span> <span class='ocrx_word' id='word_1_169' title='bbox 1950 2844 2049 2906; x_wconf 90' lang='lat' dir='ltr'><strong>ma·</strong></span> 
     </span>
    </p>

    <p class='ocr_par' dir='ltr' id='par_1_14' title="bbox 415 2926 2135 3175">
     <span class='ocr_line' id='line_1_22' title="bbox 415 2926 2135 3047; baseline 0 -22"><span class='ocrx_word' id='word_1_170' title='bbox 415 2947 418 2954; x_wconf 83' lang='lat'>&#39;</span> <span class='ocrx_word' id='word_1_171' title='bbox 489 2992 492 3003; x_wconf 72' lang='lat'><em>,</em></span> <span class='ocrx_word' id='word_1_172' title='bbox 565 2962 679 3025; x_wconf 90' lang='lat' dir='ltr'><strong>nam</strong></span> <span class='ocrx_word' id='word_1_173' title='bbox 714 2928 890 3028; x_wconf 84' lang='lat' dir='ltr'><strong>cedem</strong></span> <span class='ocrx_word' id='word_1_174' title='bbox 912 2944 1175 3036; x_wconf 84' lang='lat' dir='ltr'><strong>turcorum</strong></span> <span class='ocrx_word' id='word_1_175' title='bbox 1208 2944 1313 3025; x_wconf 90' lang='lat' dir='ltr'><strong>tum</strong></span> <span class='ocrx_word' id='word_1_176' title='bbox 1348 2926 1665 3026; x_wconf 81' lang='lat' dir='ltr'><strong>decollando.</strong></span> <span class='ocrx_word' id='word_1_177' title='bbox 1703 2944 1810 3027; x_wconf 93' lang='lat' dir='ltr'><strong>tum</strong></span> <span class='ocrx_word' id='word_1_178' title='bbox 1842 2931 1893 3024; x_wconf 92' lang='lat' dir='ltr'><strong>in</strong></span> <span class='ocrx_word' id='word_1_179' title='bbox 1927 2930 2050 3025; x_wconf 90' lang='lat' dir='ltr'><strong>mari</strong></span> <span class='ocrx_word' id='word_1_180' title='bbox 2127 3032 2135 3047; x_wconf 54' lang='grc'>,</span> 
     </span>
     <span class='ocr_line' id='line_1_23' title="bbox 531 2960 2050 3175; baseline -0.003 -30"><span class='ocrx_word' id='word_1_181' title='bbox 531 2960 1134 3175; x_wconf 60' lang='lat' dir='ltr'><strong>submergendospatrauit.</strong></span> <span class='ocrx_word' id='word_1_182' title='bbox 1193 3045 1496 3161; x_wconf 84' lang='lat' dir='ltr'><strong>Ascolonam</strong></span> <span class='ocrx_word' id='word_1_183' title='bbox 1519 3050 1677 3155; x_wconf 86' lang='lat' dir='ltr'><strong>eciam</strong></span> <span class='ocrx_word' id='word_1_184' title='bbox 1697 3049 1947 3143; x_wconf 86' lang='lat' dir='ltr'><strong>ciuitatem</strong></span> <span class='ocrx_word' id='word_1_185' title='bbox 1972 3045 2050 3141; x_wconf 84' lang='lat' dir='ltr'><strong>su·</strong></span> 
     </span>
    </p>

    <p class='ocr_par' dir='ltr' id='par_1_15' title="bbox 363 3156 2052 3732">
     <span class='ocr_line' id='line_1_24' title="bbox 363 3156 2051 3388; baseline -0.001 -130"><span class='ocrx_word' id='word_1_186' title='bbox 363 3279 365 3282; x_wconf 16' lang='grc' dir='ltr'>Ι</span> <span class='ocrx_word' id='word_1_187' title='bbox 451 3262 456 3276; x_wconf 68' lang='grc'><strong>,</strong></span> <span class='ocrx_word' id='word_1_188' title='bbox 520 3163 673 3376; x_wconf 66' lang='lat' dir='ltr'><strong>giiii</strong></span> <span class='ocrx_word' id='word_1_189' title='bbox 684 3164 848 3374; x_wconf 59' lang='lat' dir='ltr'><strong>wirciit</strong></span> <span class='ocrx_word' id='word_1_190' title='bbox 858 3167 1135 3388; x_wconf 54' lang='lat' dir='ltr'><strong>occuparrlilti</strong></span> <span class='ocrx_word' id='word_1_191' title='bbox 1214 3156 1813 3377; x_wconf 29' lang='lat' dir='ltr'><strong>l&#39;Comsesdibisiant-itrenssrs</strong></span> <span class='ocrx_word' id='word_1_192' title='bbox 1838 3162 2051 3373; x_wconf 65' lang='lat' dir='ltr'><strong>felicitrter</strong></span> 
     </span>
     <span class='ocr_line' id='line_1_25' title="bbox 535 3310 2051 3381; baseline -0.003 -2"><span class='ocrx_word' id='word_1_193' title='bbox 535 3311 639 3379; x_wconf 90' lang='lat' dir='ltr'><strong>on</strong></span> <span class='ocrx_word' id='word_1_194' title='bbox 778 3311 989 3377; x_wconf 90' lang='lat' dir='ltr'><strong>nerex</strong></span> <span class='ocrx_word' id='word_1_195' title='bbox 1046 3314 1075 3381; x_wconf 87' lang='lat' dir='ltr'><strong>a</strong></span> <span class='ocrx_word' id='word_1_196' title='bbox 1133 3314 1375 3380; x_wconf 60' lang='lat' dir='ltr'><strong>earuo.</strong></span> <span class='ocrx_word' id='word_1_197' title='bbox 1443 3312 1713 3377; x_wconf 81' lang='lat' dir='ltr'><strong>eexercru</strong></span> <span class='ocrx_word' id='word_1_198' title='bbox 1766 3310 2051 3378; x_wconf 87' lang='lat' dir='ltr'><strong>uoarmaa</strong></span> 
     </span>
     <span class='ocr_line' id='line_1_26' title="bbox 534 3314 2052 3526; baseline -0.002 -31"><span class='ocrx_word' id='word_1_199' title='bbox 534 3428 684 3495; x_wconf 91' lang='lat' dir='ltr'><strong>manu</strong></span> <span class='ocrx_word' id='word_1_200' title='bbox 718 3395 782 3491; x_wconf 87' lang='lat' dir='ltr'><strong>ad</strong></span> <span class='ocrx_word' id='word_1_201' title='bbox 816 3314 1175 3526; x_wconf 68' lang='lat' dir='ltr'><strong>expugnindot</strong></span> <span class='ocrx_word' id='word_1_202' title='bbox 1187 3315 1469 3509; x_wconf 67' lang='lat' dir='ltr'><strong>saciacenos</strong></span> <span class='ocrx_word' id='word_1_203' title='bbox 1485 3401 1594 3495; x_wconf 90' lang='lat' dir='ltr'><strong>uice</strong></span> <span class='ocrx_word' id='word_1_204' title='bbox 1630 3400 1713 3497; x_wconf 91' lang='lat' dir='ltr'><strong>sua</strong></span> <span class='ocrx_word' id='word_1_205' title='bbox 1747 3400 1840 3495; x_wconf 89' lang='lat' dir='ltr'><strong>reli</strong></span> <span class='ocrx_word' id='word_1_206' title='bbox 1876 3400 2052 3494; x_wconf 86' lang='lat' dir='ltr'><strong>uitet</strong></span> 
     </span>
     <span class='ocr_line' id='line_1_27' title="bbox 535 3430 2050 3732; baseline 0 -122"><span class='ocrx_word' id='word_1_207' title='bbox 535 3516 637 3732; x_wconf 65' lang='lat' dir='ltr'><strong>itpsse</strong></span> <span class='ocrx_word' id='word_1_208' title='bbox 652 3514 1113 3727; x_wconf 50' lang='lat' dir='ltr'><strong>cumtpiuffimnibus</strong></span> <span class='ocrx_word' id='word_1_209' title='bbox 1125 3548 1231 3625; x_wconf 91' lang='lat' dir='ltr'><strong>rem</strong></span> <span class='ocrx_word' id='word_1_210' title='bbox 1242 3516 1494 3645; x_wconf 89' lang='lat' dir='ltr'><strong>publicam</strong></span> <span class='ocrx_word' id='word_1_211' title='bbox 1505 3514 1822 3637; x_wconf 85' lang='lat' dir='ltr'><strong>ordinaturus</strong></span> <span class='ocrx_word' id='word_1_212' title='bbox 1833 3430 1919 3613; x_wconf 77' lang='lat' dir='ltr'><strong>sire</strong></span> <span class='ocrx_word' id='word_1_213' title='bbox 1932 3546 2050 3647; x_wconf 80' lang='lat' dir='ltr'><strong>gen·</strong></span> 
     </span>
    </p>

    <p class='ocr_par' dir='ltr' id='par_1_16' title="bbox 490 3660 2079 3882">
     <span class='ocr_line' id='line_1_28' title="bbox 490 3660 1592 3733; baseline -0.004 -1"><span class='ocrx_word' id='word_1_214' title='bbox 490 3666 526 3732; x_wconf 70' lang='lat' dir='ltr'><em>A</em></span> <span class='ocrx_word' id='word_1_215' title='bbox 607 3662 738 3728; x_wconf 74' lang='lat' dir='ltr'><strong>‘rea</strong></span> <span class='ocrx_word' id='word_1_216' title='bbox 802 3662 1069 3733; x_wconf 33' lang='lat' dir='ltr'><strong>aursus</strong></span> <span class='ocrx_word' id='word_1_217' title='bbox 1213 3674 1218 3685; x_wconf 60' lang='lat'><strong><em>¹</em></strong></span> <span class='ocrx_word' id='word_1_218' title='bbox 1589 3660 1592 3668; x_wconf 84' lang='lat'>·</span> 
     </span>
     <span class='ocr_line' id='line_1_29' title="bbox 522 3746 2079 3882; baseline 0.002 -37"><span class='ocrx_word' id='word_1_219' title='bbox 522 3809 534 3839; x_wconf 86' lang='lat'><strong>·.</strong></span> <span class='ocrx_word' id='word_1_220' title='bbox 647 3762 651 3766; x_wconf 75' lang='grc'><em>’</em></span> <span class='ocrx_word' id='word_1_221' title='bbox 716 3748 1105 3848; x_wconf 79' lang='lat' dir='ltr'>,CLXXXXIL</span> <span class='ocrx_word' id='word_1_222' title='bbox 1129 3748 1406 3849; x_wconf 85' lang='lat' dir='ltr'><strong>Richardus</strong></span> <span class='ocrx_word' id='word_1_223' title='bbox 1420 3781 1508 3849; x_wconf 87' lang='lat' dir='ltr'><strong>rex</strong></span> <span class='ocrx_word' id='word_1_224' title='bbox 1528 3751 1692 3882; x_wconf 82' lang='lat' dir='ltr'><strong>anglie</strong></span> <span class='ocrx_word' id='word_1_225' title='bbox 1713 3746 1912 3849; x_wconf 84' lang='lat' dir='ltr'><strong>deuicta</strong></span> <span class='ocrx_word' id='word_1_226' title='bbox 1921 3752 2079 3848; x_wconf 57' lang='grc' dir='ltr'><strong>Μία·</strong></span> 
     </span>
    </p>

    <p class='ocr_par' dir='ltr' id='par_1_17' title="bbox 358 3867 2055 4117">
     <span class='ocr_line' id='line_1_30' title="bbox 358 3867 2055 4011; baseline -0.002 -44"><span class='ocrx_word' id='word_1_227' title='bbox 358 3924 363 3931; x_wconf 87' lang='lat'><strong>·</strong></span> <span class='ocrx_word' id='word_1_228' title='bbox 523 3898 676 3967; x_wconf 82' lang='lat' dir='ltr'><strong>rone.</strong></span> <span class='ocrx_word' id='word_1_229' title='bbox 707 3882 760 3964; x_wconf 91' lang='lat' dir='ltr'><strong>et</strong></span> <span class='ocrx_word' id='word_1_230' title='bbox 783 3867 895 3964; x_wconf 75' lang='lat' dir='ltr'><strong>aliis‘</strong></span> <span class='ocrx_word' id='word_1_231' title='bbox 916 3868 1153 3998; x_wconf 90' lang='lat' dir='ltr'><strong>triumphi</strong></span> <span class='ocrx_word' id='word_1_232' title='bbox 1184 3870 1361 3999; x_wconf 85' lang='lat' dir='ltr'><strong>tytulis</strong></span> <span class='ocrx_word' id='word_1_233' title='bbox 1375 3870 1574 3973; x_wconf 87' lang='lat' dir='ltr'><strong>·-elatus.·</strong></span> <span class='ocrx_word' id='word_1_234' title='bbox 1600 3870 1798 4011; x_wconf 89' lang='lat' dir='ltr'><strong>copiosa</strong></span> <span class='ocrx_word' id='word_1_235' title='bbox 1831 3871 2055 3966; x_wconf 56' lang='lat' dir='ltr'><strong>multitu-1</strong></span> 
     </span>
     <span class='ocr_line' id='line_1_31' title="bbox 522 3984 2051 4117; baseline 0.01 -46"><span class='ocrx_word' id='word_1_236' title='bbox 522 3984 657 4081; x_wconf 78' lang='lat' dir='ltr'><strong>,dine</strong></span> <span class='ocrx_word' id='word_1_237' title='bbox 681 3986 885 4079; x_wconf 87' lang='lat' dir='ltr'><strong>nauium</strong></span> <span class='ocrx_word' id='word_1_238' title='bbox 909 4017 1170 4091; x_wconf 87' lang='lat' dir='ltr'><strong>armorum.</strong></span> <span class='ocrx_word' id='word_1_239' title='bbox 1203 4003 1254 4087; x_wconf 90' lang='lat' dir='ltr'><strong>et</strong></span> <span class='ocrx_word' id='word_1_240' title='bbox 1276 3988 1493 4087; x_wconf 79' lang='lat' dir='ltr'><strong>‚thesauri</strong></span> <span class='ocrx_word' id='word_1_241' title='bbox 1514 3987 1777 4117; x_wconf 65' lang='lat' dir='ltr'><strong>insrgmtua</strong></span> <span class='ocrx_word' id='word_1_242' title='bbox 1809 3990 1926 4117; x_wconf 87' lang='lat' dir='ltr'><strong>quia</strong></span> <span class='ocrx_word' id='word_1_243' title='bbox 1950 4016 2051 4087; x_wconf 86' lang='lat' dir='ltr'><strong>non</strong></span> 
     </span>
    </p>

    <p class='ocr_par' dir='ltr' id='par_1_18' title="bbox 401 4099 2052 4247">
     <span class='ocr_line' id='line_1_32' title="bbox 401 4099 2052 4247; baseline 0.001 -50"><span class='ocrx_word' id='word_1_244' title='bbox 401 4146 407 4155; x_wconf 93' lang='lat'><em>·</em></span> <span class='ocrx_word' id='word_1_245' title='bbox 540 4099 639 4224; x_wconf 90' lang='lat' dir='ltr'><strong>deo</strong></span> <span class='ocrx_word' id='word_1_246' title='bbox 664 4100 750 4197; x_wconf 93' lang='lat' dir='ltr'><strong>sed</strong></span> <span class='ocrx_word' id='word_1_247' title='bbox 767 4101 864 4198; x_wconf 89' lang='lat' dir='ltr'><strong>suis</strong></span> <span class='ocrx_word' id='word_1_248' title='bbox 886 4104 1077 4202; x_wconf 87' lang='lat' dir='ltr'><strong>uiribus</strong></span> <span class='ocrx_word' id='word_1_249' title='bbox 1101 4136 1300 4247; x_wconf 85' lang='lat' dir='ltr'><strong>queque</strong></span> <span class='ocrx_word' id='word_1_250' title='bbox 1327 4109 1455 4217; x_wconf 91' lang='lat' dir='ltr'><strong>circa</strong></span> <span class='ocrx_word' id='word_1_251' title='bbox 1478 4106 1525 4203; x_wconf 93' lang='lat' dir='ltr'><strong>se</strong></span> <span class='ocrx_word' id='word_1_252' title='bbox 1549 4106 1805 4211; x_wconf 88' lang='lat' dir='ltr'><strong>fortunata</strong></span> <span class='ocrx_word' id='word_1_253' title='bbox 1820 4104 2052 4231; x_wconf 78' lang='lat' dir='ltr'><strong>asscripsit</strong></span> 
     </span>
    </p>

    <p class='ocr_par' dir='ltr' id='par_1_19' title="bbox 365 4216 2183 4913">
     <span class='ocr_line' id='line_1_33' title="bbox 365 4216 2055 4363; baseline 0.002 -50"><span class='ocrx_word' id='word_1_254' title='bbox 365 4230 370 4239; x_wconf 85' lang='grc'><strong>’</strong></span> <span class='ocrx_word' id='word_1_255' title='bbox 540 4216 660 4313; x_wconf 88' lang='lat' dir='ltr'><strong>dum</strong></span> <span class='ocrx_word' id='word_1_256' title='bbox 678 4218 1037 4319; x_wconf 83' lang='lat' dir='ltr'><strong>transfretando</strong></span> <span class='ocrx_word' id='word_1_257' title='bbox 1056 4239 1327 4351; x_wconf 78' lang='lat' dir='ltr'><strong>repatriare</strong></span> <span class='ocrx_word' id='word_1_258' title='bbox 1348 4222 1603 4363; x_wconf 73' lang='lat' dir='ltr'><strong>disposuit</strong></span> <span class='ocrx_word' id='word_1_259' title='bbox 1622 4219 1684 4335; x_wconf 87' lang='lat' dir='ltr'><strong>ab</strong></span> <span class='ocrx_word' id='word_1_260' title='bbox 1710 4255 1771 4321; x_wconf 90' lang='lat' dir='ltr'><strong>co</strong></span> <span class='ocrx_word' id='word_1_261' title='bbox 1831 4224 1881 4319; x_wconf 92' lang='lat' dir='ltr'><strong>ui</strong></span> <span class='ocrx_word' id='word_1_262' title='bbox 1895 4222 1959 4319; x_wconf 87' lang='lat' dir='ltr'><strong>est</strong></span> <span class='ocrx_word' id='word_1_263' title='bbox 1968 4222 2055 4317; x_wconf 80' lang='lat' dir='ltr'><strong>mi·</strong></span> 
     </span>
     <span class='ocr_line' id='line_1_34' title="bbox 540 4254 2183 4475; baseline 0.003 -45"><span class='ocrx_word' id='word_1_264' title='bbox 540 4335 710 4475; x_wconf 80' lang='lat' dir='ltr'><strong>rabilis</strong></span> <span class='ocrx_word' id='word_1_265' title='bbox 734 4336 787 4430; x_wconf 94' lang='lat' dir='ltr'><strong>in</strong></span> <span class='ocrx_word' id='word_1_266' title='bbox 811 4338 923 4435; x_wconf 85' lang='lat' dir='ltr'><strong>altis</strong></span> <span class='ocrx_word' id='word_1_267' title='bbox 953 4337 1185 4442; x_wconf 82' lang='lat' dir='ltr'><strong>dominus</strong></span> <span class='ocrx_word' id='word_1_268' title='bbox 1213 4341 1455 4445; x_wconf 77' lang='lat' dir='ltr'><strong>mirabilia</strong></span> <span class='ocrx_word' id='word_1_269' title='bbox 1490 4346 1617 4439; x_wconf 88' lang='lat' dir='ltr'><strong>circa</strong></span> <span class='ocrx_word' id='word_1_270' title='bbox 1649 4342 1698 4438; x_wconf 91' lang='lat' dir='ltr'><strong>se</strong></span> <span class='ocrx_word' id='word_1_271' title='bbox 1732 4254 1927 4437; x_wconf 73' lang='lat' dir='ltr'><strong>etiuos</strong></span> <span class='ocrx_word' id='word_1_272' title='bbox 1952 4338 2055 4437; x_wconf 82' lang='lat' dir='ltr'><strong>fieri</strong></span> <span class='ocrx_word' id='word_1_273' title='bbox 2133 4380 2136 4389; x_wconf 93' lang='lat'><em>·</em></span> <span class='ocrx_word' id='word_1_274' title='bbox 2179 4412 2183 4421; x_wconf 80' lang='lat'><em>.</em></span> 
     </span>
     <span class='ocr_line' id='line_1_35' title="bbox 520 4448 2055 4587; baseline 0.002 -38"><span class='ocrx_word' id='word_1_275' title='bbox 520 4448 859 4587; x_wconf 62' lang='lat' dir='ltr'><strong>[form1dolose</strong></span> <span class='ocrx_word' id='word_1_276' title='bbox 871 4457 1099 4583; x_wconf 88' lang='lat' dir='ltr'><strong>pertulit.</strong></span> <span class='ocrx_word' id='word_1_277' title='bbox 1129 4459 1259 4563; x_wconf 91' lang='lat' dir='ltr'><strong>Nam</strong></span> <span class='ocrx_word' id='word_1_278' title='bbox 1279 4463 1550 4569; x_wconf 89' lang='lat' dir='ltr'><strong>cumomni</strong></span> <span class='ocrx_word' id='word_1_279' title='bbox 1569 4456 1825 4555; x_wconf 83' lang='lat' dir='ltr'><strong>substantia</strong></span> <span class='ocrx_word' id='word_1_280' title='bbox 1845 4459 1929 4554; x_wconf 89' lang='lat' dir='ltr'><strong>sua</strong></span> <span class='ocrx_word' id='word_1_281' title='bbox 1947 4458 2055 4553; x_wconf 90' lang='lat' dir='ltr'><strong>brc-</strong></span> 
     </span>
     <span class='ocr_line' id='line_1_36' title="bbox 532 4570 2056 4704; baseline 0.003 -39"><span class='ocrx_word' id='word_1_282' title='bbox 532 4572 598 4701; x_wconf 57' lang='grc' dir='ltr'><strong>ουἱ</strong></span> <span class='ocrx_word' id='word_1_283' title='bbox 619 4570 705 4667; x_wconf 94' lang='lat' dir='ltr'><strong>sub</strong></span> <span class='ocrx_word' id='word_1_284' title='bbox 728 4572 853 4668; x_wconf 86' lang='lat' dir='ltr'><strong>hora</strong></span> <span class='ocrx_word' id='word_1_285' title='bbox 911 4577 1193 4674; x_wconf 89' lang='lat' dir='ltr'><strong>ericlitatur.</strong></span> <span class='ocrx_word' id='word_1_286' title='bbox 1227 4594 1278 4675; x_wconf 88' lang='lat' dir='ltr'><strong>et</strong></span> <span class='ocrx_word' id='word_1_287' title='bbox 1301 4580 1420 4675; x_wconf 86' lang='lat' dir='ltr'><strong>flatu</strong></span> <span class='ocrx_word' id='word_1_288' title='bbox 1442 4579 1602 4673; x_wconf 87' lang='lat' dir='ltr'><strong>inmiti</strong></span> <span class='ocrx_word' id='word_1_289' title='bbox 1626 4586 1898 4704; x_wconf 82' lang='lat' dir='ltr'><strong>uentorum</strong></span> <span class='ocrx_word' id='word_1_290' title='bbox 1911 4578 1963 4676; x_wconf 91' lang='lat' dir='ltr'><strong>in</strong></span> <span class='ocrx_word' id='word_1_291' title='bbox 1983 4574 2056 4671; x_wconf 91' lang='lat' dir='ltr'><strong>di·</strong></span> 
     </span>
     <span class='ocr_line' id='line_1_37' title="bbox 521 4606 2058 4910; baseline 0.003 -126"><span class='ocrx_word' id='word_1_292' title='bbox 521 4688 709 4840; x_wconf 76' lang='lat' dir='ltr'><strong>‘uersas</strong></span> <span class='ocrx_word' id='word_1_293' title='bbox 725 4606 975 4793; x_wconf 77' lang='lat' dir='ltr'><strong>insulai&#39;et</strong></span> <span class='ocrx_word' id='word_1_294' title='bbox 997 4696 1228 4828; x_wconf 86' lang='lat' dir='ltr'><strong>regiones</strong></span> <span class='ocrx_word' id='word_1_295' title='bbox 1244 4694 1499 4829; x_wconf 85' lang='lat' dir='ltr'><strong>dissipatus.</strong></span> <span class='ocrx_word' id='word_1_296' title='bbox 1530 4695 1591 4796; x_wconf 87' lang='lat' dir='ltr'><strong>ab</strong></span> <span class='ocrx_word' id='word_1_297' title='bbox 1617 4727 1772 4796; x_wconf 88' lang='lat' dir='ltr'><strong>uxore</strong></span> <span class='ocrx_word' id='word_1_298' title='bbox 1797 4728 1855 4795; x_wconf 87' lang='lat' dir='ltr'><strong>ac</strong></span> <span class='ocrx_word' id='word_1_299' title='bbox 1886 4684 2058 4910; x_wconf 42' lang='lat' dir='ltr'><strong>‘canipa</strong></span> 
     </span>
     <span class='ocr_line' id='line_1_38' title="bbox 526 4844 1966 4913; baseline 0 0"><span class='ocrx_word' id='word_1_300' title='bbox 526 4880 529 4890; x_wconf 87' lang='lat'><em>-</em></span> <span class='ocrx_word' id='word_1_301' title='bbox 1096 4892 1102 4905; x_wconf 93' lang='lat'>.</span> <span class='ocrx_word' id='word_1_302' title='bbox 1315 4872 1326 4889; x_wconf 92' lang='lat'><strong>·</strong></span> <span class='ocrx_word' id='word_1_303' title='bbox 1808 4864 1811 4871; x_wconf 91' lang='grc'>·</span> <span class='ocrx_word' id='word_1_304' title='bbox 1915 4844 1966 4913; x_wconf 88' lang='lat' dir='ltr'><strong>m</strong></span> 
     </span>
    </p>
   </div>
   <div class='ocr_carea' id='block_1_4' title="bbox 0 0 2405 6067">
    <p class='ocr_par' dir='ltr' id='par_1_20' title="bbox 0 0 2405 6067">
     <span class='ocr_line' id='line_1_39' title="bbox 0 0 2405 6067; baseline 0 0"><span class='ocrx_word' id='word_1_305' title='bbox 0 0 2405 6067; x_wconf 95' lang='lat' dir='ltr'><strong> </strong></span> 
     </span>
    </p>
   </div>
  </div>
 </body>
</html>
