4742 6067
574 407 578 412 ·
685 442 761 517 502
1137 408 1204 487 x.
1245 406 1647 490 cuuourcon
1687 422 1693 495 2
1870 364 1877 373 ’

635 651 725 716 res
757 576 845 742 qui
862 614 960 711 xlv.
986 613 1047 709 ab
1068 612 1264 710 alberto
1290 614 1524 829 episcopo
1550 587 1818 740 capiuntur.
1842 604 2148 710 iii'.'Kal.No·

641 735 880 836 uembris.
903 732 1006 830 hiis
1028 728 1202 825 diebus
1234 734 1317 857 qui
1355 764 1432 825 am
1475 748 1610 827 *rater
1640 729 1931 858 perhtoldus
1962 730 2148 827 nomine

645 852 712 950 de
745 851 921 949 ordine
955 851 1198 944 minorum
1219 847 1459 945 dedomo
1483 848 1817 977 Ratisponensr
1849 864 2035 943 tantam
2089 880 2149 941 ra·

607 1086 611 1094 .
651 973 778 1067 ciam
819 967 992 1063 habuit
1031 964 1336 1093 predicandi.
1377 984 1432 1063 ut
1463 969 1576 1095 sepe
1619 964 1681 1061 ad
1718 997 1830 1063 eum
1865 878 2151 1062 audiendum

644 1090 764 1229 plus
788 1119 948 1215 quam.
964 1086 1032 1180 lx.
1045 1084 1180 1179 milia
1203 1085 1459 1211 hominum
1490 1087 1828 1182 conuenirent.
1867 1082 2152 1179 'Fridericus
2202 1184 2205 1191 Δ

647 1222 921 1332 rmperator
943 1204 1038 1299 sine
1062 1204 1345 1331 penitencia
1375 1220 1426 1300 et
1446 1206 1770 1301 sacramentis.
1791 1204 1843 1296 in
1871 1203 2039 1329 apulia
2059 1230 2152 1295 mo·

645 1327 782 1428 ritur.
813 1326 866 1417 in
893 1322 1056 1419 mense
1083 1320 1345 1419 decembri.
1530 1421 1539 1430 ,
1574 1388 1578 1396 -

592 1468 596 1481 ·
763 1444 916 1537 Anno
949 1439 1011 1535 ab
1040 1441 1388 1535 incarnacione
1419 1436 1611 1535 domini
1640 1437 1887 1535 m⁹.cc⁰.li'.
1912 1436 2020 1564 post
2039 1460 2154 1531 mor·

643 1576 748 1654 tem
781 1557 1019 1654 Friderici
1051 1557 1372 1682 imperatoris
1405 1552 1635 1655 dominus
1671 1588 1803 1697 papa
1839 1554 2155 1691 Innocencius

645 1711 730 1775 un.
772 1679 825 1771 in
864 1705 986 1771 cena
1024 1673 1213 1770 domini
1255 1674 1580 1772 Wilhelmum
1614 1690 1846 1771 conutem
1878 1671 2153 1769 Hollandre.

612 1794 745 1905 iam
779 1790 965 1888 dudum
995 1822 1025 1885 a
1054 1789 1340 1917 quibusdam
1370 1793 1676 1919 principibus
1705 1794 1758 1887 in
1781 1792 2064 1887 Romanum
2084 1817 2153 1883 re·

646 1945 759 2127 §em
804 1910 1031 2017 electum.
1060 1910 1226 2003 multis
1259 1909 1507 2036 episcopis
1531 1910 1847 2037 presentibus.
1878 1925 2003 2035 aput
2035 1909 2153 2121 Lup-
2298 1956 2299 2005 r

684 2060 836 2124 unum
872 2024 1138 2123 confirmat.
1170 2039 1222 2119 et
1252 2024 1404 2121 statim
1433 2028 1480 2121 se
1512 2028 1739 2123 transfert
1768 2027 1830 2123 ad
1858 2027 2068 2155 ytaliam
2127 2042 2173 2117 e·
2297 2020 2299 2059 ³

646 2145 908 2272 Lugduno.
930 2143 1016 2238 ubi
1035 2143 1131 2237 iam
1154 2140 1260 2237 fere
1281 2145 1379 2238 viii.
1396 2146 1543 2239 annis
1562 2144 1749 2243 fecerat
1772 2146 2009 2241 continue
2032 2176 2154 2239 man·

647 2266 844 2362 sionem.
905 2262 927 2354 Ι
964 2261 1010 2356 se
1042 2275 1207 2355 autem
1238 2289 1325 2356 rex
1349 2261 1649 2359 Wilhelmus
1684 2294 1816 2359 anno
1841 2266 1983 2391 regni
2007 2264 2076 2358 sui
2104 2263 2156 2357 ν’.

649 2383 714 2480 de
739 2382 908 2478 comiti
944 2412 973 2474 a
996 2375 1183 2473 flandre
1200 2377 1416 2590 ploriose
1441 2380 1723 2508 triumphat.
1745 2381 1828 2479 sed
1846 2382 2018 2508 postea
2037 2408 2156 2475 anno

648 2500 791 2628 regni
813 2498 895 2596 sui.
925 2500 1005 2609 ix⁰.
1036 2497 1088 2591 in
1122 2494 1196 2589 fre
1215 2528 1263 2592 ra
1289 2496 1472 2593 bellica
1495 2514 1673 2625 agente
1705 2502 1928 2628 negocia.
1958 2530 2067 2593 cum
2087 2528 2156 2591 cx·

651 2620 808 2714 crcitu
844 2612 1066 2711 existens.
1095 2615 1259 2709 mense
1291 2613 1556 2711 februario.
1588 2617 1911 2714 afrcsonibus
1932 2614 2015 2712 'esi
2045 2614 2156 2711 occi·

631 2738 740 2833 sus.
803 2734 904 2855 Qui
936 2730 1139 2826 eumad
1171 2730 1417 2858 quandam
1449 2734 1701 2831 ciuitatem
1731 2733 1951 2831 eiusdem
1974 2735 2158 2864 prouin-

522 2862 526 2867 ’
651 2856 727 2950 cie
752 2850 1033 2946 deuenisse‘t.
1055 2848 1211 2944 fertur
1233 2848 1419 2945 ibidem
1443 2850 1676 2949 inuenisse
1704 2852 2031 2979 sepulchrum.
2057 2880 2158 2977 ope·
2298 2898 2299 2915 .

649 3003 705 3067 rc
743 2967 950 3064 mirifico
994 2965 1352 3083 constructum,
1394 2984 1445 3067 et
1488 2968 1605 3064 dum
1645 3002 1676 3065 a
1707 2970 1895 3067 ciuibus
1928 2980 2158 3096 quereret

652 3091 792 3185 cuius
833 3084 951 3182 esset
990 3086 1087 3181 boc
1116 3084 1425 3212 sepulchrum
1457 3103 1558 3185 tam
1593 3089 1870 3215 sumptuoso
1902 3117 2059 3214 opere
2088 3082 2159 3178 de·
2298 3144 2299 3185 ;

496 3321 499 3329 Ι
653 3221 891 3302 coratum.
934 3201 1180 3299 dicebant.
1223 3203 1359 3329 quod
1402 3204 1625 3301 nondum
1665 3206 1914 3334 quisquam
1960 3204 2031 3301 ibi
2059 3202 2159 3299 esset
2298 3302 2299 3309 .

651 3324 885 3449 sepultus.
917 3320 1001 3415 sed
1031 3322 1479 3446 antiquampatres
1511 3352 1682 3418 eorum
1713 3322 2083 3437 construxerint,
2109 3320 2157 3413 il·
2298 3348 2299 3357 ¹

506 3447 513 3459 ‘
651 3438 741 3538 lud
770 3470 862 3566 per
890 3437 1047 3533 fatum
1077 3437 1446 3565 cognoscentes,
1480 3438 1616 3579 quod
1646 3441 1698 3534 in
1730 3439 1909 3535 eodem
1938 3440 2058 3535 loco
2086 3434 2157 3531 dc·

507 3620 513 3634 ·
651 3558 797 3653 beret
835 3584 1154 3652 romanorum
1193 3567 1365 3682 regum
1406 3558 1582 3684 aliquis
1621 3559 1865 3654 tumulari.
1957 3556 2158 3653 Deuicta

649 3678 822 3803 itaque
853 3689 907 3771 et
930 3674 1066 3769 subiu
1101 3688 1181 3769 ata
1211 3686 1319 3766 tota
1339 3671 1492 3771 sresra.
1516 3679 1613 3770 iam
1637 3676 1795 3771 uictor
1817 3674 1972 3801 ipsam
1994 3691 2157 3809 terram
2298 3712 2299 3723 Ν

655 3796 825 3891 exiret.
855 3824 886 3886 a
910 3702 1196 3931 quibusdam
1225 3788 1280 3884 fu
1317 3794 1460 3889 ‘tiuis
1490 3792 1624 3889 secus
1649 3794 1777 3887 uiam
1799 3795 1851 3886 in
1873 3788 2157 3887 harundine·

652 3925 709 4006 to
732 3909 1063 4008 latitantibus.
1094 3905 1279 4036 cuspidi
1313 3942 1372 4005 us
1405 3910 1659 4006 occiditur.
1692 3926 1743 4007 et
1770 3912 1823 4007 in
1843 3908 2072 4037 predicto
2093 3923 2181 4031 tu,

644 4026 791 4134 ‚mulo
822 4027 885 4123 ab
916 4024 1163 4154 indigenis
1187 4028 1421 4154 sepelitur
1448 4028 1537 4124 Mt
1553 4030 1635 4124 cc⁰.
1649 4027 1748 4127 lvi⁰.

886 4196 1181 4332 Rychardus
1215 4216 1267 4297 et
1295 4174 1579 4330 Alpbonsus
1611 4202 1939 4301 contenciose.
1980 4334 1985 4343 ¹
2094 4258 2097 4267 ·

657 4352 663 4477 J
770 4376 924 4473 Anno
946 4372 1146 4471 domini.
1165 4374 1256 4473 Μ’.
1269 4378 1352 4473 cc⁰.
1363 4376 1480 4473 luis.
1486 4378 1741 4517 principes
1762 4378 1902 4505 regni
1959 4376 2027 4474 osl
2045 4403 2157 4471 mor·

473 4574 478 4581 -
651 4508 754 4595 tem
787 4492 1046 4601 Wilhelmi
1085 4526 1138 4588 re
1177 4497 1216 4589 's
1247 4494 1332 4589 sub
1364 4492 1568 4592 dommo
1578 4496 1867 4595 Alexandro
1965 4496 2000 4593 Ι.
2042 4520 2157 4621 papa

651 4612 750 4707 ianr
792 4609 878 4707 diu
906 4610 1088 4727 habitis
1154 4612 1319 4707 ruersrs
1352 4612 1681 4711 conuentibus
1710 4648 1804 4742 pro
1835 4612 2065 4744 'eligendo
2093 4639 2157 4704 re·

649 4760 727 4859 ge·
757 4726 959 4875 tandem
989 4726 1303 4832 diffinitiuum
1336 4730 1596 4833 electionis
1629 4730 1761 4832 diem
1784 4726 2158 4943 inoctauahffpi·

761 4931 767 4938 .
1991 4884 2026 4979 p
2090 4892 2108 4916 .
