4742 6067
674 393 753 466 500
1093 364 1171 441 rx.
1204 306 1628 444 'cunonrcon

743 567 833 662 M?
854 567 1189 687 cc⁰.'xxxviiij⁰.
1258 565 1505 662 Fridricus
1557 570 1825 694 imperator
1864 602 1894 666 a
1934 566 2119 681 domino

624 686 874 813 Gregorio
898 684 961 777 ix.
991 714 1120 810 papa
1145 687 1197 778 in
1221 682 1419 779 ecclesia
1443 684 1830 781 Lateranenfiin
1854 687 1932 783 die
1989 696 2122 793 alma·

431 857 434 866 ,
568 837 733 915 ‚rum
759 816 809 895 et
840 800 1186 926 subsequenter
1210 803 1261 895 in
1295 833 1418 896 cena
1448 802 1658 897 Domini
1690 818 1741 897 et
1771 807 1823 898 in
1857 809 1965 933 pasc
2032 847 2123 911 ‚ex

625 920 793 1017 multis
819 917 980 1013 cauus.
1012 917 1349 1045 sollempniter
1363 922 1825 1019 excommunicatur.
1858 957 1920 1049 ap
1959 928 2121 1027 roban-

350 1136 355 1147 ,
508 1081 515 1090 ·
616 1038 752 1132 tibus
780 1034 1110 1130 cardinalibus
1136 1036 1382 1131 uniuersis.
1442 1034 1636 1130 Eodem
1665 1068 1810 1133 anno.
1833 1041 1898 1149 iii.
1971 1050 2122 1143 on.Iu·

624 1158 710 1251 nii.
742 1151 949 1282 eclypsis
973 1152 1086 1245 solis
1110 1151 1242 1247 facta
1267 1153 1343 1255 est.
1376 1152 1582 1247 duarum
1606 1153 1851 1253 horarum.

450 1264 459 1279 ⁸
492 1377 495 1382 ,
740 1272 828 1365 Μ“.
843 1273 926 1366 cc⁹.
939 1270 1020 1366 ΧΓ.
1052 1271 1108 1365 ln
1123 1301 1254 1397 pago
1269 1269 1526 1398 frilingenfi
1549 1273 1715 1391 uersus
1736 1272 1990 1371 meridiem
2011 1288 2123 1379 tanti

619 1420 785 1486 mures
810 1404 1148 1509 exercuerunt.
1179 1386 1315 1513 quod
1336 1389 1501 1483 omnia
1519 1387 1702 1483 semina
1725 1420 2009 1519 camporum
2031 1430 2123 1494 cor·

558 1554 563 1565 ·
588 1587 590 1592 .
618 1506 871 1603 rodentes.
902 1508 1049 1631 nique
1075 1502 1391 1623 adradicem.
1422 1502 1619 1601 rusticos
1646 1538 1736 1601 coe
1773 1526 1930 1606 erunt.
1963 1516 2122 1612 utiuos

619 1624 927 1719 dimitterent
962 1652 1164 1749 campos
1200 1638 1252 1719 et
1279 1626 1502 1749 patriam.
1534 1638 1598 1719 et
1636 1624 1699 1719 ad
1731 1629 1792 1720 a'
1828 1658 1876 1721 m
1908 1634 2124 1756 peruola·

618 1757 744 1837 rent.
1361 1772 1363 1777 ’

737 1855 1017 1953 M⁰.cc⁰.xli.
1060 1854 1292 1985 Regnum
1318 1846 1701 1985 ¹'ungarie'quod
1740 1866 1874 1957 c'cc‘³⁸·
1904 1880 1962 1959 et
1993 1864 2023 1962 l.
2049 1899 2123 1964 an·
2299 1888 2301 1971 r

489 2071 494 2079 ,
582 2027 585 2033 ,
619 1980 698 2073 nis
723 1976 997 2069 durauerat.
1020 1988 1354 2071 atartarorum
1378 1990 1527 2102 gente
1551 1974 1820 2073 destruitur.
1853 1979 2124 2109 Gregorius.
2299 1994 2300 2071 ἓ

618 2100 684 2191 ix.
741 2124 836 2219 apa
858 2091 994 2187 obiit.
1024 2108 1028 2113 ’
1057 2086 1325 2185 Celestinus
1351 2090 1576 2188 succedit.
1649 2092 1952 2223 Perhtoldus
1982 2101 2124 2198 fithu·
2207 2130 2210 2145 ¹

619 2124 820 2309 iusioci
839 2240 929 2336 pre
969 2207 1127 2304 ofitus.
1185 2208 1406 2337 Eclyplis
1430 2209 1544 2304 solis
1566 2208 1698 2306 facta
1718 2212 1844 2309 estin
1866 2216 2029 2313 media
2041 2218 2122 2316 die.

616 2333 672 2426 in
700 2343 881 2450 octaua¹
955 2326 1233 2457 ychah'elis.
1266 2340 1316 2421 et
1337 2324 1471 2421 stelle
1497 2326 1595 2423 uise
1619 2328 1741 2425 [unt.

735 2446 824 2542 M⁰.
848 2449 933 2542 cc’.
955 2443 1069 2565 xlii.
1120 2444 1357 2539 Albertus
1401 2443 1601 2539 ultimus
1643 2477 1809 2543 comes
1853 2449 1915 2547 de
1959 2484 2122 2594 pogen.

617 2566 756 2663 obiit.
785 2566 917 2686 xviij,
948 2563 1057 2658 Kal.
1086 2560 1354 2665 Februarii.
1402 2563 1675 2658 Heinricus
1698 2562 1761 2659 de
1798 2566 2018 2671 Catama.
2046 2604 2122 2668 no.

526 2748 530 2755 ·
615 2687 770 2778 tarius
792 2680 1111 2806 imperatoris
1133 2679 1339 2819 'eligitur
1369 2683 1421 2774 in
1443 2678 1726 2820 episcopum
1749 2680 2121 2816 Babenbergen.

616 2802 730 3011 {em'
819 2798 1085 2894 Heinricus·
1115 2795 1424 2924 Gnerstinger
1453 2799 1532 2892 in·
1562 2797 1616 2892 fit
1645 2799 1790 2895 huius
1822 2802 1925 2899 loci
1956 2837 2122 2935 prepo-

569 2991 572 2997 ,
636 2933 746 3017 ltus.
1146 3015 1149 3019 ,
1859 3000 1866 3006 .

569 3050 574 3057 ’
735 3032 1065 3154 M⁰.cc⁰.xliij⁶.
1108 3030 1428 3149 Sinnibaldus
1471 3030 1726 3165 dyaconus
1764 3037 2039 3145 cardinalis.
2077 3045 2120 3135 in

614 3186 797 3369 saluam
830 3153 1036 3290 eligitur.
1068 3166 1120 3245 et
1141 3166 1346 3245 uocatus
1372 3150 1443 3245 est
1473 3153 1798 3249 Innocencius
1821 3156 1915 3277 iiij‘·
1946 3162 2023 3254 vii.
2036 3160 2120 3253 kal.
2202 3159 2207 3165 ’

642 3306 672 3365 u
695 3274 740 3365 ri.
784 3275 881 3365 iam
913 3300 1045 3363 ennn
1074 3299 1167 3393 pro
1205 3282 1282 3361 ter
1310 3268 1473 3363 scisma
1502 3271 1632 3364 inter
1660 3300 1713 3363 re
1750 3304 1867 3375 num
1899 3288 1953 3372 et
1975 3279 2119 3392 ,sacer-

615 3388 814 3489 docium
845 3384 983 3481 sedes
1010 3301 1275 3539 agostoiica
1305 3402 1579 3481 uacauerat.
1611 3300 1849 3485 menirbus
1876 3388 1998 3489 fere.
2017 3396 2118 3490 xxii.

347 3600 355 3625 .
734 3506 822 3599 Μ’.
838 3504 1083 3625 cc⁰.xliii].
1123 3502 1372 3599 heinricus
1404 3500 1530 3599 filius
1563 3506 1767 3601 Ottonis
1798 3505 1939 3605 ducis
1970 3512 2118 3606 bawa-

612 3624 701 3720 rie.
731 3618 872 3716 duirit
892 3651 1101 3735 uxorem
1122 3618 1369 3746 Elyzabet
1392 3620 1540 3715 filiam
1563 3620 1686 3717 Bele
1706 3627 1842 3749 regis
1862 3630 2072 3755 ungarie.

516 3746 522 3822 ἶ
731 3738 1048 3835 M⁰.cc⁶.xlv⁰.
1102 3738 1386 3831 uniuersalis
1433 3736 1649 3866 synodus
1694 3741 1973 3840 celebratur
2011 3758 2119 3871 aput

611 3858 689 3955 Lu
725 3854 923 3951 dunum.
966 3854 1049 3950 ubi
1071 3855 1302 3979 dominus
1328 3856 1655 3952 Innocencius
1678 3889 1760 3954 nn.
1792 3890 1924 3986 papa
1955 3879 2114 3958 contra

612 3888 900 4072 Friiiricum'
928 3975 993 4067 im
1031 3987 1276 4089 eratorem
1313 3970 1637 4097 depoficionis
1673 3976 1971 4073 sentenciam
2012 4010 2114 4106 pro·

492 4149 496 4159 ·
610 4092 863 4222 mulgauit.
896 4106 945 4185 et
1020 4093 1310 4203 ancrauium
1326 4086 1564 4229 Turingie
1599 4092 1713 4219 eligi
1743 4096 1794 4189 in
1824 4126 1992 4221 regem
2011 4096 2117 4191 Aln-

439 4271 443 4281 ·
565 4304 567 4307 ,
605 4213 810 4305 ‘mannie
842 4209 1138 4335 procurauit.
1192 4221 1488 4333 mortuoque
1519 4208 1621 4334 ipso
1663 4212 1894 4306 comitem
1934 4215 2150 4336 hollam-q

537 4442 547 4453 ι
609 4326 740 4540 dge·
768 4328 825 4465 In
857 4359 917 4420 ea
946 4325 1138 4455 synodo
1173 4323 1375 4419 fuerunt
1405 4340 1511 4423 tres
1528 4328 1805 4453 patriarche
1833 4331 2115 4457 et·episcopi

670 4476 823 4539 unmr.
1232 4490 1234 4494 ·

609 4478 646 4574 p
726 4563 813 4658 M⁰.
830 4563 1059 4685 cc⁰.xlvj⁶..
1074 4558 1390 4657 Eberhardus
1404 4560 1793 4689 Salczpurgeniis
1806 4562 1941 4658 obiit.
1971 4565 2111 4659 Hein-

365 4775 370 4790 ,
453 4812 456 4815 ⁴
604 4684 735 4777 ricus
757 4680 1123 4779 Lancrauiusin
1144 4710 1314 4813 regem
1335 4676 1540 4809 eligitur.
1564 4696 1616 4776 et
1639 4679 1818 4779 eodem
1841 4713 1976 4895 augggl
1988 4682 2111 4776 obiit.

1979 4829 2059 4893 un·
