4742 6067
667 410 743 490 490
893 376 1502 501 OBSERVATIONES
1543 376 1836 501 PRAEVIAE.

612 590 721 667 nuto
743 593 790 664 nr
819 574 1133 663 commodine
1160 596 1297 689 partes
1326 580 1480 663 xvur.
1511 582 1550 659 u
1570 582 1683 661 xnc
1711 584 1879 659 ranno
1907 539 2105 667 essenus

614 692 827 768 subiunctae
846 691 948 763 suntr
974 703 1059 766 tum
1086 687 1261 791 catalogi
1289 686 1565 764 Romanorum
1586 682 1821 763 Pontificum
1841 686 1879 761 dr
1897 690 2105 791 Imperato-

610 799 706 871 rum
722 795 870 891 aliique
888 792 1110 891 sequuntur.
1162 792 1245 865 Sed
1264 804 1408 891 praeter
1426 790 1500 865 hos
1520 791 1654 866 catelo
1686 792 1697 861 i
1717 789 2106 891 Archiepiscopurum

615 894 991 996 Salisburgenlium,
1019 891 1055 965 E
1086 892 1311 992 iscopornm
1338 890 1626 967 Patavienlium
1655 816 2106 996 {babenbergensium

612 996 920 1097 Praepofitorum
948 992 987 1066 ἃ
1014 918 1220 1071 Abbatum
1239 992 1583 1068 osterhovenlr'um
1604 992 1641 1067 ἃ
1660 992 1820 1067 Ducum
1849 994 2029 1071 Bavariae
2048 998 2106 1069 atl-

613 1102 710 1174 iecti
737 1099 849 1187 sunt,
878 1120 977 1195 quos
1006 1120 1084 1170 una
1109 1098 1150 1169 in
1186 1097 1317 1169 lucem
1346 1095 1525 1197 proferre
1563 1094 1800 1195 superfluum
1827 1094 1901 1169 esse
1935 1098 2107 1172 iudicavi.

611 1199 812 1303 Egregius
830 1197 896 1272 ille
919 1197 1051 1271 codex
1067 1199 1109 1270 in
1129 1196 1385 1273 Bibliotheca
1403 1197 1466 1273 Au
1499 1196 1575 1271 usta
1594 1198 1634 1271 V
1637 1197 1895 1271 indobonensr
1915 1200 2108 1298 interpro-

574 1370 577 1376 .
600 1301 723 1407 ,fanae
742 1300 910 1377 mttoriae
929 1298 1155 1399 Scriptores
1174 1324 1341 1375 numero
1362 1224 1495 1376 xcts
1513 1302 1648 1375 locum
1667 1296 1832 1373 obtinet.
1964 1332 1971 1343 ·

711 1504 774 1579 11.
823 1503 936 1579 Inter
960 1502 1086 1579 medii
1112 1503 1189 1577 aevi
1218 1500 1421 1579 Chronica
1447 1502 1525 1578 hoc
1555 1500 1855 1579 osterhoviense
1894 1501 2111 1605 fingulnrern

611 1606 1015 1685 ,commendationem
1033 1618 1217 1681 meretur.
1272 1604 1415 1705 Neque
1444 1607 1551 1683 enirn
1581 1606 1686 1683 illius
1705 1603 1825 1703 stylus
1846 1626 1982 1679 macer
1999 1618 2037 1679 et
2052 1630 2112 1679 ex·

612 1712 754 1785 succus
782 1706 854 1798 est,
881 1707 1044 1805 qualem
1070 1708 1112 1779 in
1132 1704 1374 1803 synchronis
1402 1709 1637 1807 plerumque
1675 1706 2032 1807 deprehendimus,
2056 1707 2113 1781 sed

619 1811 747 1891 multo
777 1807 939 1895 uberior
967 1831 1015 1881 ac
1044 1807 1207 1897 cultior,
1235 1834 1356 1906 quam
1382 1810 1454 1886 illa
1482 1822 1596 1883 aetate
1626 1808 1831 1893 usuvenire
1860 1808 2114 1898 consueverit,

620 1913 859 2010 minutisque
875 1907 1088 1991 ¹eventibus
1105 1908 1394 2011 praetermissis,
1413 1912 1609 2013 gravioris
1622 1914 1821 1985 momenti
1839 1908 1949 1986 sacta
1967 1914 2112 2013 precla-

616 2041 668 2093 ro
693 2012 850 2089 delectu
876 2010 1059 2085 adhibito
1088 2010 1360 2088 consectatu-r:
1404 2026 1487 2087 tum
1515 2037 1612 2087 vero
1641 2014 1681 2085 in
1712 2014 1891 2087 notanda
1918 2038 2114 2100 annuorum,

614 2114 765 2219 quibus
784 2138 848 2187 res
868 2137 1033 2213 quaeque
1049 2110 1166 2214 gestae
1185 2112 1289 2201 sunt,
1306 2108 1414 2188 ¹seri-e
1428 2111 1576 2189 ceteris
1597 2114 1648 2188 est
1666 2118 1868 2206 exactior,
1900 2113 1960 2205 ἃ,
1987 2117 2008 2189 sr
2035 2118 2115 2215 quid
2161 2112 2164 2117 ’

608 2220 730 2298 'recte
748 2216 904 2305 iudico,
931 2215 1145 2314 multiplex
1161 2236 1295 2289 rerum
1310 2218 1512 2319 cognitio,
1531 2222 1579 2291 a'c
1599 2240 1678 2292 non
1699 2217 1865 2292 obscura
1884 2219 2020 2305 iudioii
2035 2242 2113 2319 pro·

482 2324 484 2329 ’
615 2321 675 2395 be
694 2317 845 2392 subacti
865 2316 1028 2419 relligio
1045 2320 1087 2390 in
1107 2318 1254 2395 eodem
1271 2316 1501 2419 frequenter
1520 2333 1740 2394 occurrunt.
1802 2319 1940 2420 Atque
1959 2320 2028 2395 hos
2046 2320 2115 2418 qui·
2180 2318 2185 2333 “

613 2424 719 2498 dem
729 2417 1050 2496 Ollerhovienses
1062 2408 1404 2523 chronographos
1424 2423 1508 2495 iure
1526 2423 1631 2495 inter
1647 2423 1800 2523 patrios
1819 2422 2042 2523 Scriptores
2059 2446 2116 2495 no·

625 2526 719 2600 llros
735 2520 890 2611 resero,
917 2543 1008 2594 cum
1027 2544 1091 2595 res
1110 2521 1336 2599 Austriacas
1352 2526 1465 2624 peri,
1484 2548 1533 2603 ne
1555 2526 1687 2599 dicam
1706 2526 1988 2612 maiore'cura,
2015 2549 2117 2623 quam

618 2624 774 2701 boreas
792 2624 1021 2701 tractandas
1038 2622 1378 2724 recensendesque
1396 2623 1462 2699 libi
1483 2624 1693 2699 sumserint.
1782 2624 1907 2725 Quod
1933 2626 1955 2701 fi
1977 2630 2034 2701 cui
2058 2626 2117 2699 mi·

615 2752 714 2806 ..rum
731 2725 939 2816 videatur,
965 2727 999 2817 is
1017 2727 1266 2817 meminerit,
1286 2752 1366 2801 non
1386 2726 1511 2803 solum
1528 2726 1595 2802 sub
1617 2728 1760 2802 eadem
1778 2753 1884 2829 pene
1908 2728 2118 2805 aetateLee·

625 2828 796 2934 poldum
812 2826 1012 2931 Largum,
1039 2841 1080 2901 et
1097 2826 1333 2903 Heinrieum
1351 2828 1516 2904 lasomir
1545 2843 1602 2904 ott
1620 2827 1952 2933 Babenbergicos
1967 2890 1978 2922 ,
1995 2830 2116 2907 ambos

616 2926 792 3009 'Austriae
810 2928 1093 3021 marchiones,
1118 2929 1305 3009 Bavariae
1325 2956 1482 3034 quoque
1502 2854 1637 3037 lguces
1656 2931 1785 3022 fuisse,
1813 2932 1879 3009 sed
1903 2934 2122 3011 etiamLeo··

515 3068 521 3074 ·
625 3034 816 3137 poldum,
844 3057 870 3108 a
887 3056 1020 3112 rerum
1045 3031 1239 3136 gestarum
1258 3033 1490 3111 celebritate
1511 3032 1738 3112 Gloriosum
1767 3035 1941 3129 dictum,
1968 3052 2117 3113 ceteros
2200 3050 2204 3057 ’

656 3133 705 3211 be
724 3159 777 3210 ex
794 3135 940 3215 eadem
982 3149 1076 3209 ente
1103 3124 1268 3212 Austriae
1286 3136 1422 3217 Duces
1442 3136 1555 3212 multi
1585 3137 1654 3213 lici
1673 3136 1963 3215 beneficiorum
1989 3160 2116 3243 genere

593 3273 597 3281 ·
669 3233 930 3311 sterhoviense
958 3160 1186 3337 {ollegium
1212 3236 1280 3333 libi
1309 3237 1531 3313 obnoriium
1550 3164 1724 3315 babuisse
1735 3270 1746 3327 ς
1802 3242 1882 3317 uod
1913 3244 2064 3345 prolata
2084 3242 2118 3313 in

628 3336 780 3412 Hundii
800 3360 847 3411 ac
866 3333 1059 3415 Gewoldi
1068 3337 1292 3440 Metropoli
1311 3340 1618 3445 salisburgensi,
1638 3340 1678 3417 δι
1696 3345 1738 3417 in
1758 3264 2116 3419 tlonumentisssoi·

627 3441 690 3515 cis
706 3439 971 3540 diplomatica
988 3440 1230 3517 documenta
1249 3440 1408 3518 abunde
1421 3442 1631 3531 testantur3
1660 3458 1700 3521 ut
1719 3444 1820 3519 alias
1832 3450 2015 3533 'rationes
2032 3470 2117 3547 pre-

629 3554 804 3635 teream,
822 3567 910 3645 quse
919 3544 961 3619 in
978 3545 1166 3646 proximo
1177 3544 1382 3623 volumine
1394 3572 1494 3623 ame
1513 3548 1672 3625 edendo
1690 3548 1836 3624 clarius
1856 3547 2097 3653 effulgebunt
