<?xml version="1.0" encoding="UTF-8"?>
<!DOCTYPE html PUBLIC "-//W3C//DTD XHTML 1.0 Transitional//EN"
    "http://www.w3.org/TR/xhtml1/DTD/xhtml1-transitional.dtd">
<html xmlns="http://www.w3.org/1999/xhtml" xml:lang="en" lang="en">
 <head>
  <title>
</title>
<meta http-equiv="Content-Type" content="text/html;charset=utf-8" />
  <meta name='ocr-system' content='tesseract 3.04.00' />
  <meta name='ocr-capabilities' content='ocr_page ocr_carea ocr_par ocr_line ocrx_word'/>
</head>
<body>
  <div class='ocr_page' id='page_1' title='image "./rerumavstriacar02raucgoog_0538.png"; bbox 0 0 4742 6067; ppageno 0'>
   <div class='ocr_carea' id='block_1_1' title="bbox 528 432 1739 621">
    <p class='ocr_par' dir='ltr' id='par_1_1' title="bbox 528 432 1739 621">
     <span class='ocr_line' id='line_1_1' title="bbox 528 432 1739 621; baseline 0.021 -69"><span class='ocrx_word' id='word_1_1' title='bbox 528 438 532 445; x_wconf 85' lang='grc'><strong>’</strong></span> <span class='ocrx_word' id='word_1_2' title='bbox 698 432 1300 621; x_wconf 76' lang='lat' dir='ltr'><strong>-osunauoumuse,</strong></span> <span class='ocrx_word' id='word_1_3' title='bbox 1572 476 1589 519; x_wconf 92' lang='grc'><strong>··</strong></span> <span class='ocrx_word' id='word_1_4' title='bbox 1658 492 1739 577; x_wconf 75' lang='lat' dir='ltr'><strong>su</strong></span> 
     </span>
    </p>
   </div>
   <div class='ocr_carea' id='block_1_2' title="bbox 212 672 1838 1853">
    <p class='ocr_par' dir='ltr' id='par_1_2' title="bbox 212 672 1838 1506">
     <span class='ocr_line' id='line_1_2' title="bbox 1481 672 1797 767; baseline -0.009 0"><span class='ocrx_word' id='word_1_5' title='bbox 1481 698 1539 767; x_wconf 88' lang='lat' dir='ltr'><strong>ro</strong></span> <span class='ocrx_word' id='word_1_6' title='bbox 1597 672 1797 767; x_wconf 70' lang='lat' dir='ltr'><strong>enitem</strong></span> 
     </span>
     <span class='ocr_line' id='line_1_3' title="bbox 271 701 1792 917; baseline -0.001 -29"><span class='ocrx_word' id='word_1_7' title='bbox 271 791 348 888; x_wconf 86' lang='lat' dir='ltr'><strong>cia</strong></span> <span class='ocrx_word' id='word_1_8' title='bbox 380 790 635 891; x_wconf 82' lang='lat' dir='ltr'><strong>Romanis.</strong></span> <span class='ocrx_word' id='word_1_9' title='bbox 678 808 733 889; x_wconf 91' lang='lat' dir='ltr'><strong>ut</strong></span> <span class='ocrx_word' id='word_1_10' title='bbox 763 826 876 892; x_wconf 81' lang='lat' dir='ltr'><strong>xxrc</strong></span> <span class='ocrx_word' id='word_1_11' title='bbox 907 794 1082 900; x_wconf 88' lang='lat' dir='ltr'><strong>diebus</strong></span> <span class='ocrx_word' id='word_1_12' title='bbox 1115 808 1365 901; x_wconf 75' lang='lat' dir='ltr'><strong>contrusus</strong></span> <span class='ocrx_word' id='word_1_13' title='bbox 1398 793 1449 917; x_wconf 90' lang='lat' dir='ltr'><strong>ip</strong></span> <span class='ocrx_word' id='word_1_14' title='bbox 1472 821 1525 885; x_wconf 86' lang='lat' dir='ltr'><strong>as</strong></span> <span class='ocrx_word' id='word_1_15' title='bbox 1559 701 1792 890; x_wconf 57' lang='lat' dir='ltr'><strong>Barnea»</strong></span> 
     </span>
     <span class='ocr_line' id='line_1_4' title="bbox 270 906 1791 1034; baseline 0.001 -31"><span class='ocrx_word' id='word_1_16' title='bbox 270 906 333 1003; x_wconf 86' lang='lat' dir='ltr'><strong>ad</strong></span> <span class='ocrx_word' id='word_1_17' title='bbox 354 912 516 1007; x_wconf 89' lang='lat' dir='ltr'><strong>minus</strong></span> <span class='ocrx_word' id='word_1_18' title='bbox 539 911 690 1006; x_wconf 90' lang='lat' dir='ltr'><strong>semel</strong></span> <span class='ocrx_word' id='word_1_19' title='bbox 709 912 765 1008; x_wconf 88' lang='lat' dir='ltr'><strong>in</strong></span> <span class='ocrx_word' id='word_1_20' title='bbox 787 910 869 1012; x_wconf 90' lang='lat' dir='ltr'><strong>die</strong></span> <span class='ocrx_word' id='word_1_21' title='bbox 901 908 1155 1013; x_wconf 76' lang='lat' dir='ltr'><strong>accedant</strong></span> <span class='ocrx_word' id='word_1_22' title='bbox 1196 908 1469 1011; x_wconf 74' lang='lat' dir='ltr'><strong>forensibus</strong></span> <span class='ocrx_word' id='word_1_23' title='bbox 1502 922 1671 1003; x_wconf 88' lang='lat' dir='ltr'><strong>autem</strong></span> <span class='ocrx_word' id='word_1_24' title='bbox 1699 936 1791 1034; x_wconf 86' lang='lat' dir='ltr'><strong>per</strong></span> 
     </span>
     <span class='ocr_line' id='line_1_5' title="bbox 212 1023 1838 1153; baseline -0.002 -34"><span class='ocrx_word' id='word_1_25' title='bbox 212 1033 214 1040; x_wconf 78' lang='grc'><strong>“</strong></span> <span class='ocrx_word' id='word_1_26' title='bbox 270 1056 353 1129; x_wconf 78' lang='lat' dir='ltr'><strong>xv.</strong></span> <span class='ocrx_word' id='word_1_27' title='bbox 374 1023 482 1123; x_wconf 89' lang='lat' dir='ltr'><strong>dies</strong></span> <span class='ocrx_word' id='word_1_28' title='bbox 508 1029 786 1138; x_wconf 83' lang='lat' dir='ltr'><strong>continuos.</strong></span> <span class='ocrx_word' id='word_1_29' title='bbox 817 1030 953 1123; x_wconf 90' lang='lat' dir='ltr'><strong>sunili</strong></span> <span class='ocrx_word' id='word_1_30' title='bbox 976 1026 1142 1125; x_wconf 91' lang='lat' dir='ltr'><strong>modo.</strong></span> <span class='ocrx_word' id='word_1_31' title='bbox 1173 1028 1226 1123; x_wconf 92' lang='lat' dir='ltr'><strong>in</strong></span> <span class='ocrx_word' id='word_1_32' title='bbox 1250 1026 1533 1153; x_wconf 82' lang='lat' dir='ltr'><strong>penitencie</strong></span> <span class='ocrx_word' id='word_1_33' title='bbox 1554 1024 1728 1121; x_wconf 81' lang='lat' dir='ltr'><strong>forma</strong></span> <span class='ocrx_word' id='word_1_34' title='bbox 1833 1105 1838 1115; x_wconf 83' lang='lat'>.</span> 
     </span>
     <span class='ocr_line' id='line_1_6' title="bbox 296 1138 1788 1255; baseline -0.004 -16"><span class='ocrx_word' id='word_1_35' title='bbox 296 1209 304 1232; x_wconf 52' lang='lat' dir='ltr'><strong>r</strong></span> <span class='ocrx_word' id='word_1_36' title='bbox 385 1142 581 1239; x_wconf 88' lang='lat' dir='ltr'><strong>Eodem</strong></span> <span class='ocrx_word' id='word_1_37' title='bbox 612 1176 747 1241; x_wconf 91' lang='lat' dir='ltr'><strong>anno</strong></span> <span class='ocrx_word' id='word_1_38' title='bbox 770 1146 929 1255; x_wconf 83' lang='lat' dir='ltr'><strong>incliti</strong></span> <span class='ocrx_word' id='word_1_39' title='bbox 958 1143 1110 1247; x_wconf 89' lang='lat' dir='ltr'><strong>duces</strong></span> <span class='ocrx_word' id='word_1_40' title='bbox 1143 1143 1390 1247; x_wconf 61' lang='lat' dir='ltr'><strong>Bawuuie·⁶</strong></span> <span class='ocrx_word' id='word_1_41' title='bbox 1447 1142 1573 1240; x_wconf 89' lang='lat' dir='ltr'><strong>Otto</strong></span> <span class='ocrx_word' id='word_1_42' title='bbox 1601 1153 1654 1239; x_wconf 85' lang='lat' dir='ltr'><strong>et</strong></span> <span class='ocrx_word' id='word_1_43' title='bbox 1678 1138 1788 1235; x_wconf 81' lang='lat' dir='ltr'><strong>Ste-</strong></span> 
     </span>
     <span class='ocr_line' id='line_1_7' title="bbox 263 1256 1792 1471; baseline 0 -118"><span class='ocrx_word' id='word_1_44' title='bbox 263 1258 461 1471; x_wconf 85' lang='lat' dir='ltr'><strong>phanus</strong></span> <span class='ocrx_word' id='word_1_45' title='bbox 483 1258 659 1389; x_wconf 83' lang='lat' dir='ltr'><strong>gladiis</strong></span> <span class='ocrx_word' id='word_1_46' title='bbox 684 1262 976 1363; x_wconf 87' lang='lat' dir='ltr'><strong>militaribus</strong></span> <span class='ocrx_word' id='word_1_47' title='bbox 1002 1266 1053 1358; x_wconf 92' lang='lat' dir='ltr'><strong>in</strong></span> <span class='ocrx_word' id='word_1_48' title='bbox 1075 1259 1282 1404; x_wconf 89' lang='lat' dir='ltr'><strong>Oppido</strong></span> <span class='ocrx_word' id='word_1_49' title='bbox 1302 1256 1558 1367; x_wconf 75' lang='lat' dir='ltr'><strong>Lanezhiu</strong></span> <span class='ocrx_word' id='word_1_50' title='bbox 1581 1258 1792 1395; x_wconf 70' lang='lat' dir='ltr'><strong>accincti</strong></span> 
     </span>
     <span class='ocr_line' id='line_1_8' title="bbox 285 1378 1825 1506; baseline -0.003 -33"><span class='ocrx_word' id='word_1_51' title='bbox 285 1391 374 1473; x_wconf 88' lang='lat' dir='ltr'><strong>unt</strong></span> <span class='ocrx_word' id='word_1_52' title='bbox 399 1408 510 1474; x_wconf 90' lang='lat' dir='ltr'><strong>cum</strong></span> <span class='ocrx_word' id='word_1_53' title='bbox 533 1378 700 1474; x_wconf 88' lang='lat' dir='ltr'><strong>multis</strong></span> <span class='ocrx_word' id='word_1_54' title='bbox 724 1378 976 1475; x_wconf 87' lang='lat' dir='ltr'><strong>nobilibus</strong></span> <span class='ocrx_word' id='word_1_55' title='bbox 997 1394 1132 1475; x_wconf 86' lang='lat' dir='ltr'><strong>terre</strong></span> <span class='ocrx_word' id='word_1_56' title='bbox 1157 1393 1288 1477; x_wconf 88' lang='lat' dir='ltr'><strong>mter</strong></span> <span class='ocrx_word' id='word_1_57' title='bbox 1309 1408 1438 1506; x_wconf 87' lang='lat' dir='ltr'><strong>quos</strong></span> <span class='ocrx_word' id='word_1_58' title='bbox 1470 1390 1610 1474; x_wconf 88' lang='lat' dir='ltr'><strong>erant</strong></span> <span class='ocrx_word' id='word_1_59' title='bbox 1667 1402 1789 1469; x_wconf 81' lang='lat' dir='ltr'><strong>rec1·</strong></span> <span class='ocrx_word' id='word_1_60' title='bbox 1823 1392 1825 1397; x_wconf 82' lang='grc'><strong><em>·</em></strong></span> 
     </span>
    </p>

    <p class='ocr_par' dir='ltr' id='par_1_3' title="bbox 243 1492 1791 1853">
     <span class='ocr_line' id='line_1_9' title="bbox 243 1492 1784 1625; baseline 0.001 -37"><span class='ocrx_word' id='word_1_61' title='bbox 243 1610 247 1617; x_wconf 80' lang='lat'>.</span> <span class='ocrx_word' id='word_1_62' title='bbox 262 1496 363 1625; x_wconf 83' lang='lat' dir='ltr'><strong>pu&#39;u</strong></span> <span class='ocrx_word' id='word_1_63' title='bbox 393 1494 632 1593; x_wconf 87' lang='lat' dir='ltr'><strong>Albertus</strong></span> <span class='ocrx_word' id='word_1_64' title='bbox 660 1512 712 1596; x_wconf 91' lang='lat' dir='ltr'><strong>et</strong></span> <span class='ocrx_word' id='word_1_65' title='bbox 731 1498 964 1597; x_wconf 86' lang='lat' dir='ltr'><strong>Alramus</strong></span> <span class='ocrx_word' id='word_1_66' title='bbox 987 1499 1207 1595; x_wconf 85' lang='lat' dir='ltr'><strong>iuniores</strong></span> <span class='ocrx_word' id='word_1_67' title='bbox 1233 1497 1441 1593; x_wconf 83' lang='lat' dir='ltr'><strong>comites</strong></span> <span class='ocrx_word' id='word_1_68' title='bbox 1468 1492 1531 1589; x_wconf 89' lang='lat' dir='ltr'><strong>de</strong></span> <span class='ocrx_word' id='word_1_69' title='bbox 1656 1524 1691 1595; x_wconf 83' lang='lat' dir='ltr'><strong>s.</strong></span> <span class='ocrx_word' id='word_1_70' title='bbox 1774 1568 1784 1590; x_wconf 61' lang='grc'><strong>,,</strong></span> 
     </span>
     <span class='ocr_line' id='line_1_10' title="bbox 382 1608 1791 1733; baseline 0.003 -26"><span class='ocrx_word' id='word_1_71' title='bbox 382 1610 471 1709; x_wconf 68' lang='grc' dir='ltr'><strong>Μ’.</strong></span> <span class='ocrx_word' id='word_1_72' title='bbox 485 1612 599 1710; x_wconf 71' lang='lat' dir='ltr'><strong>ccc‘.</strong></span> <span class='ocrx_word' id='word_1_73' title='bbox 609 1616 656 1709; x_wconf 72' lang='lat'><strong>1⁰.</strong></span> <span class='ocrx_word' id='word_1_74' title='bbox 687 1616 764 1712; x_wconf 85' lang='lat' dir='ltr'><strong>ii··.</strong></span> <span class='ocrx_word' id='word_1_75' title='bbox 790 1613 964 1711; x_wconf 87' lang='lat' dir='ltr'><strong>Nonas</strong></span> <span class='ocrx_word' id='word_1_76' title='bbox 987 1614 1109 1733; x_wconf 83' lang='lat' dir='ltr'><strong>Maij</strong></span> <span class='ocrx_word' id='word_1_77' title='bbox 1143 1612 1387 1710; x_wconf 88' lang='lat' dir='ltr'><strong>donatum</strong></span> <span class='ocrx_word' id='word_1_78' title='bbox 1408 1610 1474 1707; x_wconf 84' lang='lat' dir='ltr'><strong>ell</strong></span> <span class='ocrx_word' id='word_1_79' title='bbox 1496 1608 1713 1709; x_wconf 84' lang='lat' dir='ltr'><strong>Ecclelic</strong></span> <span class='ocrx_word' id='word_1_80' title='bbox 1738 1608 1791 1711; x_wconf 82' lang='lat' dir='ltr'><strong>ln</strong></span> 
     </span>
     <span class='ocr_line' id='line_1_11' title="bbox 266 1650 1790 1853; baseline -0.005 -27"><span class='ocrx_word' id='word_1_81' title='bbox 266 1726 579 1826; x_wconf 87' lang='lat' dir='ltr'><strong>Osterhouen</strong></span> <span class='ocrx_word' id='word_1_82' title='bbox 603 1732 679 1830; x_wconf 88' lang='lat' dir='ltr'><strong>ius</strong></span> <span class='ocrx_word' id='word_1_83' title='bbox 703 1650 1004 1831; x_wconf 59' lang='lat' dir='ltr'><strong>sarronams</strong></span> <span class='ocrx_word' id='word_1_84' title='bbox 1025 1730 1242 1829; x_wconf 85' lang='lat' dir='ltr'><strong>Ecclesre</strong></span> <span class='ocrx_word' id='word_1_85' title='bbox 1266 1733 1319 1833; x_wconf 92' lang='lat' dir='ltr'><strong>iu</strong></span> <span class='ocrx_word' id='word_1_86' title='bbox 1343 1731 1576 1825; x_wconf 87' lang='lat' dir='ltr'><strong>Winezer</strong></span> <span class='ocrx_word' id='word_1_87' title='bbox 1597 1756 1689 1853; x_wconf 87' lang='lat' dir='ltr'><strong>per</strong></span> <span class='ocrx_word' id='word_1_88' title='bbox 1710 1754 1790 1819; x_wconf 78' lang='lat' dir='ltr'><strong>ve-</strong></span> 
     </span>
    </p>
   </div>
   <div class='ocr_carea' id='block_1_3' title="bbox 270 650 1480 885">
    <p class='ocr_par' dir='ltr' id='par_1_4' title="bbox 270 650 1480 885">
     <span class='ocr_line' id='line_1_12' title="bbox 270 650 1480 885; baseline 0.003 -114"><span class='ocrx_word' id='word_1_89' title='bbox 270 687 494 771; x_wconf 83' lang='lat' dir='ltr'><strong>catorum</strong></span> <span class='ocrx_word' id='word_1_90' title='bbox 508 650 712 773; x_wconf 79' lang='lat' dir='ltr'><strong>¹ueniam</strong></span> <span class='ocrx_word' id='word_1_91' title='bbox 736 678 1094 804; x_wconf 76' lang='lat' dir='ltr'><strong>consequenter</strong></span> <span class='ocrx_word' id='word_1_92' title='bbox 1115 670 1424 814; x_wconf 65' lang='lat' dir='ltr'><strong>inungendo</strong></span> <span class='ocrx_word' id='word_1_93' title='bbox 1445 702 1480 885; x_wconf 77' lang='lat' dir='ltr'><strong>p</strong></span> 
     </span>
    </p>
   </div>
   <div class='ocr_carea' id='block_1_4' title="bbox 88 1841 1907 2099">
    <p class='ocr_par' dir='ltr' id='par_1_5' title="bbox 88 1841 1907 2099">
     <span class='ocr_line' id='line_1_13' title="bbox 92 1841 1874 1981; baseline -0.003 -40"><span class='ocrx_word' id='word_1_94' title='bbox 92 1890 98 1901; x_wconf 94' lang='lat'><strong>·</strong></span> <span class='ocrx_word' id='word_1_95' title='bbox 260 1844 536 1945; x_wconf 88' lang='lat' dir='ltr'><strong>nerabilem</strong></span> <span class='ocrx_word' id='word_1_96' title='bbox 557 1848 612 1945; x_wconf 90' lang='lat' dir='ltr'><strong>in</strong></span> <span class='ocrx_word' id='word_1_97' title='bbox 626 1847 813 1943; x_wconf 87' lang='lat' dir='ltr'><strong>Christo</strong></span> <span class='ocrx_word' id='word_1_98' title='bbox 838 1864 1032 1975; x_wconf 85' lang='lat' dir='ltr'><strong>patrem</strong></span> <span class='ocrx_word' id='word_1_99' title='bbox 1054 1846 1314 1942; x_wconf 86' lang='lat' dir='ltr'><strong>dominum</strong></span> <span class='ocrx_word' id='word_1_100' title='bbox 1336 1842 1654 1973; x_wconf 87' lang='lat' dir='ltr'><strong>Leupoldum</strong></span> <span class='ocrx_word' id='word_1_101' title='bbox 1674 1841 1791 1981; x_wconf 81' lang='lat' dir='ltr'><strong>Epi·</strong></span> <span class='ocrx_word' id='word_1_102' title='bbox 1865 1952 1874 1971; x_wconf 39' lang='lat'><strong>·</strong></span> 
     </span>
     <span class='ocr_line' id='line_1_14' title="bbox 88 1960 1907 2099; baseline -0.001 -43"><span class='ocrx_word' id='word_1_103' title='bbox 88 2011 91 2015; x_wconf 94' lang='lat'>·</span> <span class='ocrx_word' id='word_1_104' title='bbox 260 1964 461 2099; x_wconf 84' lang='lat' dir='ltr'><strong>scopum</strong></span> <span class='ocrx_word' id='word_1_105' title='bbox 496 1960 764 2065; x_wconf 85' lang='lat' dir='ltr'><strong>Babenber</strong></span> <span class='ocrx_word' id='word_1_106' title='bbox 798 1966 974 2064; x_wconf 84' lang='lat' dir='ltr'><strong>ensem.</strong></span> <span class='ocrx_word' id='word_1_107' title='bbox 1019 1962 1082 2061; x_wconf 87' lang='lat' dir='ltr'><strong>dc</strong></span> <span class='ocrx_word' id='word_1_108' title='bbox 1104 1963 1329 2059; x_wconf 84' lang='lat' dir='ltr'><strong>unanimi</strong></span> <span class='ocrx_word' id='word_1_109' title='bbox 1364 1960 1598 2059; x_wconf 88' lang='lat' dir='ltr'><strong>consensu</strong></span> <span class='ocrx_word' id='word_1_110' title='bbox 1627 1976 1790 2055; x_wconf 81' lang='lat' dir='ltr'><strong>tomus</strong></span> <span class='ocrx_word' id='word_1_111' title='bbox 1905 1980 1907 1989; x_wconf 86' lang='lat'>&#39;</span> 
     </span>
    </p>
   </div>
   <div class='ocr_carea' id='block_1_5' title="bbox 168 2074 1966 3959">
    <p class='ocr_par' dir='ltr' id='par_1_6' title="bbox 261 2074 1864 2214">
     <span class='ocr_line' id='line_1_15' title="bbox 261 2074 1864 2214; baseline -0.001 -45"><span class='ocrx_word' id='word_1_112' title='bbox 261 2077 466 2214; x_wconf 82' lang='lat' dir='ltr'><strong>caprtuli</strong></span> <span class='ocrx_word' id='word_1_113' title='bbox 490 2076 707 2175; x_wconf 90' lang='lat' dir='ltr'><strong>eiusdem</strong></span> <span class='ocrx_word' id='word_1_114' title='bbox 778 2080 960 2175; x_wconf 86' lang='lat' dir='ltr'><strong>eclesie.</strong></span> <span class='ocrx_word' id='word_1_115' title='bbox 1004 2077 1069 2173; x_wconf 90' lang='lat' dir='ltr'><strong>ad</strong></span> <span class='ocrx_word' id='word_1_116' title='bbox 1105 2078 1389 2181; x_wconf 81' lang='lat' dir='ltr'><strong>instanciam</strong></span> <span class='ocrx_word' id='word_1_117' title='bbox 1422 2076 1614 2173; x_wconf 88' lang='lat' dir='ltr'><strong>domini</strong></span> <span class='ocrx_word' id='word_1_118' title='bbox 1636 2074 1792 2181; x_wconf 82' lang='lat' dir='ltr'><strong>Vlrici</strong></span> <span class='ocrx_word' id='word_1_119' title='bbox 1857 2104 1864 2111; x_wconf 92' lang='lat'>·</span> 
     </span>
    </p>

    <p class='ocr_par' dir='ltr' id='par_1_7' title="bbox 168 2193 1780 2452">
     <span class='ocr_line' id='line_1_16' title="bbox 260 2193 1667 2317; baseline 0.005 -28"><span class='ocrx_word' id='word_1_120' title='bbox 260 2193 406 2291; x_wconf 78' lang='lat' dir='ltr'><strong>huus</strong></span> <span class='ocrx_word' id='word_1_121' title='bbox 431 2194 534 2294; x_wconf 92' lang='lat' dir='ltr'><strong>loci</strong></span> <span class='ocrx_word' id='word_1_122' title='bbox 555 2195 796 2317; x_wconf 77' lang='lat' dir='ltr'><strong>Abbaus,</strong></span> <span class='ocrx_word' id='word_1_123' title='bbox 825 2226 960 2304; x_wconf 88' lang='lat' dir='ltr'><strong>anuo</strong></span> <span class='ocrx_word' id='word_1_124' title='bbox 985 2194 1311 2304; x_wconf 84' lang='lat' dir='ltr'><strong>Pontificatus</strong></span> <span class='ocrx_word' id='word_1_125' title='bbox 1334 2194 1416 2297; x_wconf 80' lang='lat' dir='ltr'><strong>sui.</strong></span> <span class='ocrx_word' id='word_1_126' title='bbox 1436 2196 1501 2295; x_wconf 70' lang='grc' dir='ltr'><strong>ν’.</strong></span> <span class='ocrx_word' id='word_1_127' title='bbox 1661 2268 1667 2281; x_wconf 81' lang='lat'><strong>·</strong></span> 
     </span>
     <span class='ocr_line' id='line_1_17' title="bbox 168 2310 1780 2452; baseline -0.002 -43"><span class='ocrx_word' id='word_1_128' title='bbox 168 2325 172 2332; x_wconf 83' lang='lat'>&#39;</span> <span class='ocrx_word' id='word_1_129' title='bbox 380 2310 583 2409; x_wconf 74' lang='lat' dir='ltr'><strong>M&#39;..ccc.</strong></span> <span class='ocrx_word' id='word_1_130' title='bbox 596 2313 660 2452; x_wconf 82' lang='lat' dir='ltr'><strong>ij⁰.</strong></span> <span class='ocrx_word' id='word_1_131' title='bbox 1773 2346 1780 2357; x_wconf 94' lang='lat'><em>·</em></span> 
     </span>
    </p>

    <p class='ocr_par' dir='ltr' id='par_1_8' title="bbox 172 2424 1966 3959">
     <span class='ocr_line' id='line_1_18' title="bbox 380 2424 1966 2555; baseline -0.004 -29"><span class='ocrx_word' id='word_1_132' title='bbox 380 2427 687 2551; x_wconf 51' lang='lat' dir='ltr'><strong>Micccffnij‘,</strong></span> <span class='ocrx_word' id='word_1_133' title='bbox 717 2430 969 2528; x_wconf 83' lang='lat' dir='ltr'><strong>Dominus</strong></span> <span class='ocrx_word' id='word_1_134' title='bbox 1002 2426 1292 2532; x_wconf 79' lang='lat' dir='ltr'><strong>Bonifacius</strong></span> <span class='ocrx_word' id='word_1_135' title='bbox 1326 2427 1579 2555; x_wconf 74' lang='lat' dir='ltr'><strong>viii‘papa</strong></span> <span class='ocrx_word' id='word_1_136' title='bbox 1607 2427 1663 2547; x_wconf 86' lang='lat' dir='ltr'><strong>in</strong></span> <span class='ocrx_word' id='word_1_137' title='bbox 1693 2424 1792 2521; x_wconf 80' lang='lat' dir='ltr'><strong>Re·-</strong></span> <span class='ocrx_word' id='word_1_138' title='bbox 1963 2516 1966 2521; x_wconf 85' lang='grc'>,</span> 
     </span>
     <span class='ocr_line' id='line_1_19' title="bbox 261 2540 1793 2680; baseline -0.005 -35"><span class='ocrx_word' id='word_1_139' title='bbox 261 2574 376 2673; x_wconf 79' lang='lat' dir='ltr'><strong>gem</strong></span> <span class='ocrx_word' id='word_1_140' title='bbox 394 2544 661 2642; x_wconf 88' lang='lat' dir='ltr'><strong>Albcrtum</strong></span> <span class='ocrx_word' id='word_1_141' title='bbox 685 2550 771 2680; x_wconf 90' lang='lat' dir='ltr'><strong>qui</strong></span> <span class='ocrx_word' id='word_1_142' title='bbox 792 2550 1034 2645; x_wconf 88' lang='lat' dir='ltr'><strong>hactenus</strong></span> <span class='ocrx_word' id='word_1_143' title='bbox 1067 2576 1176 2648; x_wconf 88' lang='lat' dir='ltr'><strong>non</strong></span> <span class='ocrx_word' id='word_1_144' title='bbox 1206 2545 1371 2653; x_wconf 82' lang='lat' dir='ltr'><strong>iuerat</strong></span> <span class='ocrx_word' id='word_1_145' title='bbox 1403 2548 1457 2640; x_wconf 92' lang='lat' dir='ltr'><strong>in</strong></span> <span class='ocrx_word' id='word_1_146' title='bbox 1490 2540 1654 2673; x_wconf 85' lang='lat' dir='ltr'><strong>gracia</strong></span> <span class='ocrx_word' id='word_1_147' title='bbox 1677 2572 1793 2673; x_wconf 74' lang='lat' dir='ltr'><strong>pro»</strong></span> 
     </span>
     <span class='ocr_line' id='line_1_20' title="bbox 259 2660 1850 2791; baseline 0 -32"><span class='ocrx_word' id='word_1_148' title='bbox 259 2680 373 2791; x_wconf 89' lang='lat' dir='ltr'><strong>pter</strong></span> <span class='ocrx_word' id='word_1_149' title='bbox 393 2660 648 2761; x_wconf 81' lang='lat' dir='ltr'><strong>infamiam</strong></span> <span class='ocrx_word' id='word_1_150' title='bbox 675 2665 936 2761; x_wconf 56' lang='lat' dir='ltr'><strong>‘occisionis</strong></span> <span class='ocrx_word' id='word_1_151' title='bbox 963 2662 1153 2761; x_wconf 89' lang='lat' dir='ltr'><strong>domini</strong></span> <span class='ocrx_word' id='word_1_152' title='bbox 1179 2660 1351 2761; x_wconf 87' lang='lat' dir='ltr'><strong>Adolfi</strong></span> <span class='ocrx_word' id='word_1_153' title='bbox 1384 2694 1438 2759; x_wconf 92' lang='lat' dir='ltr'><strong>re</strong></span> <span class='ocrx_word' id='word_1_154' title='bbox 1475 2664 1515 2759; x_wconf 91' lang='lat' dir='ltr'><strong>is</strong></span> <span class='ocrx_word' id='word_1_155' title='bbox 1548 2662 1792 2765; x_wconf 89' lang='lat' dir='ltr'><strong>consentit</strong></span> <span class='ocrx_word' id='word_1_156' title='bbox 1846 2710 1850 2718; x_wconf 94' lang='lat'><em>·</em></span> 
     </span>
     <span class='ocr_line' id='line_1_21' title="bbox 261 2778 1790 2909; baseline -0.005 -28"><span class='ocrx_word' id='word_1_157' title='bbox 261 2796 314 2881; x_wconf 90' lang='lat' dir='ltr'><strong>et</strong></span> <span class='ocrx_word' id='word_1_158' title='bbox 335 2811 428 2909; x_wconf 90' lang='lat' dir='ltr'><strong>per</strong></span> <span class='ocrx_word' id='word_1_159' title='bbox 454 2778 671 2879; x_wconf 85' lang='lat' dir='ltr'><strong>famosos</strong></span> <span class='ocrx_word' id='word_1_160' title='bbox 693 2797 745 2877; x_wconf 91' lang='lat' dir='ltr'><strong>et</strong></span> <span class='ocrx_word' id='word_1_161' title='bbox 765 2780 997 2878; x_wconf 85' lang='lat' dir='ltr'><strong>honestos</strong></span> <span class='ocrx_word' id='word_1_162' title='bbox 1020 2780 1231 2877; x_wconf 83' lang='lat' dir='ltr'><strong>nuncios</strong></span> <span class='ocrx_word' id='word_1_163' title='bbox 1252 2810 1367 2880; x_wconf 87' lang='lat' dir='ltr'><strong>cum</strong></span> <span class='ocrx_word' id='word_1_164' title='bbox 1383 2798 1417 2875; x_wconf 82' lang='lat' dir='ltr'><strong>&#39;a</strong></span> <span class='ocrx_word' id='word_1_165' title='bbox 1475 2781 1690 2908; x_wconf 84' lang='lat' dir='ltr'><strong>graciam</strong></span> <span class='ocrx_word' id='word_1_166' title='bbox 1702 2778 1790 2873; x_wconf 86' lang='lat' dir='ltr'><strong>Se·</strong></span> 
     </span>
     <span class='ocr_line' id='line_1_22' title="bbox 200 2893 1790 3038; baseline -0.006 -46"><span class='ocrx_word' id='word_1_167' title='bbox 200 2974 232 3009; x_wconf 71' lang='grc'><strong>,</strong></span> <span class='ocrx_word' id='word_1_168' title='bbox 260 2893 339 2993; x_wconf 88' lang='lat' dir='ltr'><strong>dis</strong></span> <span class='ocrx_word' id='word_1_169' title='bbox 360 2899 549 3027; x_wconf 84' lang='lat' dir='ltr'><strong>recipit.</strong></span> <span class='ocrx_word' id='word_1_170' title='bbox 580 2898 835 3038; x_wconf 83' lang='lat' dir='ltr'><strong>ipsumque</strong></span> <span class='ocrx_word' id='word_1_171' title='bbox 858 2901 911 2999; x_wconf 92' lang='lat' dir='ltr'><strong>in</strong></span> <span class='ocrx_word' id='word_1_172' title='bbox 933 2897 1138 3025; x_wconf 84' lang='lat' dir='ltr'><strong>publico</strong></span> <span class='ocrx_word' id='word_1_173' title='bbox 1163 2898 1407 3025; x_wconf 83' lang='lat' dir='ltr'><strong>Sermone</strong></span> <span class='ocrx_word' id='word_1_174' title='bbox 1431 2901 1485 2995; x_wconf 91' lang='lat' dir='ltr'><strong>in</strong></span> <span class='ocrx_word' id='word_1_175' title='bbox 1508 2894 1627 2991; x_wconf 87' lang='lat' dir='ltr'><strong>fello</strong></span> <span class='ocrx_word' id='word_1_176' title='bbox 1654 2898 1790 3022; x_wconf 76' lang='lat' dir='ltr'><strong>Apo·</strong></span> 
     </span>
     <span class='ocr_line' id='line_1_23' title="bbox 262 3010 1803 3161; baseline 0.003 -50"><span class='ocrx_word' id='word_1_177' title='bbox 262 3012 497 3111; x_wconf 84' lang='lat' dir='ltr'><strong>stolorum</strong></span> <span class='ocrx_word' id='word_1_178' title='bbox 528 3015 751 3161; x_wconf 82' lang='lat' dir='ltr'><strong>Phnippi</strong></span> <span class='ocrx_word' id='word_1_179' title='bbox 779 3033 830 3116; x_wconf 87' lang='lat' dir='ltr'><strong>ct</strong></span> <span class='ocrx_word' id='word_1_180' title='bbox 863 3015 1033 3117; x_wconf 91' lang='lat' dir='ltr'><strong>lacobi</strong></span> <span class='ocrx_word' id='word_1_181' title='bbox 1060 3044 1230 3143; x_wconf 87' lang='lat' dir='ltr'><strong>regem</strong></span> <span class='ocrx_word' id='word_1_182' title='bbox 1265 3013 1512 3140; x_wconf 79' lang='lat' dir='ltr'><strong>adprobat</strong></span> <span class='ocrx_word' id='word_1_183' title='bbox 1544 3028 1693 3141; x_wconf 83' lang='lat' dir='ltr'><strong>atque</strong></span> <span class='ocrx_word' id='word_1_184' title='bbox 1726 3010 1803 3116; x_wconf 82' lang='lat' dir='ltr'><strong>ad.</strong></span> 
     </span>
     <span class='ocr_line' id='line_1_24' title="bbox 263 3128 1780 3259; baseline -0.004 -32"><span class='ocrx_word' id='word_1_185' title='bbox 263 3162 503 3231; x_wconf 88' lang='lat' dir='ltr'><strong>coronam</strong></span> <span class='ocrx_word' id='word_1_186' title='bbox 523 3128 1411 3259; x_wconf 75' lang='lat' dir='ltr'><strong>iner1a1emsuscipiendaminuitat.</strong></span> <span class='ocrx_word' id='word_1_187' title='bbox 1551 3186 1556 3195; x_wconf 90' lang='lat'><em>·</em></span> <span class='ocrx_word' id='word_1_188' title='bbox 1625 3220 1630 3229; x_wconf 88' lang='grc'>,</span> <span class='ocrx_word' id='word_1_189' title='bbox 1776 3213 1780 3221; x_wconf 90' lang='grc'><strong>.</strong></span> 
     </span>
     <span class='ocr_line' id='line_1_25' title="bbox 267 3166 1797 3385; baseline -0.002 -43"><span class='ocrx_word' id='word_1_190' title='bbox 267 3335 271 3342; x_wconf 86' lang='grc'>,</span> <span class='ocrx_word' id='word_1_191' title='bbox 380 3245 487 3380; x_wconf 86' lang='lat' dir='ltr'><strong>Ipsa</strong></span> <span class='ocrx_word' id='word_1_192' title='bbox 511 3166 686 3344; x_wconf 54' lang='lat' dir='ltr'><strong>eagem</strong></span> <span class='ocrx_word' id='word_1_193' title='bbox 707 3250 789 3345; x_wconf 91' lang='lat' dir='ltr'><strong>die</strong></span> <span class='ocrx_word' id='word_1_194' title='bbox 813 3250 1006 3377; x_wconf 86' lang='lat' dir='ltr'><strong>Regem</strong></span> <span class='ocrx_word' id='word_1_195' title='bbox 1037 3233 1538 3375; x_wconf 74' lang='lat' dir='ltr'><strong>francie,Philippnm</strong></span> <span class='ocrx_word' id='word_1_196' title='bbox 1555 3247 1656 3385; x_wconf 28' lang='lat' dir='ltr'><strong>‘qui</strong></span> <span class='ocrx_word' id='word_1_197' title='bbox 1680 3244 1797 3341; x_wconf 62' lang='lat' dir='ltr'><strong>Ro..</strong></span> 
     </span>
     <span class='ocr_line' id='line_1_26' title="bbox 172 3363 1791 3496; baseline -0.001 -35"><span class='ocrx_word' id='word_1_198' title='bbox 172 3440 177 3448; x_wconf 19' lang='grc' dir='ltr'><strong><em>ι</em></strong></span> <span class='ocrx_word' id='word_1_199' title='bbox 257 3397 407 3461; x_wconf 85' lang='lat' dir='ltr'><strong>mane</strong></span> <span class='ocrx_word' id='word_1_200' title='bbox 430 3366 644 3463; x_wconf 87' lang='lat' dir='ltr'><strong>Ecclelle</strong></span> <span class='ocrx_word' id='word_1_201' title='bbox 667 3366 966 3471; x_wconf 88' lang='lat' dir='ltr'><strong>inobediens</strong></span> <span class='ocrx_word' id='word_1_202' title='bbox 985 3367 1040 3459; x_wconf 91' lang='lat' dir='ltr'><strong>in</strong></span> <span class='ocrx_word' id='word_1_203' title='bbox 1059 3366 1227 3461; x_wconf 90' lang='lat' dir='ltr'><strong>multis</strong></span> <span class='ocrx_word' id='word_1_204' title='bbox 1252 3366 1548 3494; x_wconf 87' lang='lat' dir='ltr'><strong>arguebatur</strong></span> <span class='ocrx_word' id='word_1_205' title='bbox 1579 3363 1791 3496; x_wconf 72' lang='lat' dir='ltr'><strong>etlega·</strong></span> 
     </span>
     <span class='ocr_line' id='line_1_27' title="bbox 260 3480 1796 3596; baseline -0.003 -14"><span class='ocrx_word' id='word_1_206' title='bbox 260 3500 343 3596; x_wconf 87' lang='lat' dir='ltr'><strong>tos</strong></span> <span class='ocrx_word' id='word_1_207' title='bbox 364 3480 510 3579; x_wconf 86' lang='lat' dir='ltr'><strong>Sedis</strong></span> <span class='ocrx_word' id='word_1_208' title='bbox 533 3485 586 3576; x_wconf 91' lang='lat' dir='ltr'><strong>in</strong></span> <span class='ocrx_word' id='word_1_209' title='bbox 612 3484 696 3576; x_wconf 87' lang='lat' dir='ltr'><strong>sua</strong></span> <span class='ocrx_word' id='word_1_210' title='bbox 727 3496 861 3579; x_wconf 81' lang='lat' dir='ltr'><strong>terra</strong></span> <span class='ocrx_word' id='word_1_211' title='bbox 887 3480 1302 3578; x_wconf 83' lang='lat' dir='ltr'><strong>dehonestauerat</strong></span> <span class='ocrx_word' id='word_1_212' title='bbox 1328 3481 1796 3589; x_wconf 74' lang='lat' dir='ltr'><strong>excommunicanst·‚</strong></span> 
     </span>
     <span class='ocr_line' id='line_1_28' title="bbox 260 3592 1789 3701; baseline -0.007 -3"><span class='ocrx_word' id='word_1_213' title='bbox 260 3615 316 3699; x_wconf 88' lang='lat' dir='ltr'><strong>et</strong></span> <span class='ocrx_word' id='word_1_214' title='bbox 346 3614 530 3695; x_wconf 86' lang='lat' dir='ltr'><strong>terram</strong></span> <span class='ocrx_word' id='word_1_215' title='bbox 552 3600 684 3694; x_wconf 90' lang='lat' dir='ltr'><strong>suam</strong></span> <span class='ocrx_word' id='word_1_216' title='bbox 716 3598 801 3693; x_wconf 88' lang='lat' dir='ltr'><strong>sub</strong></span> <span class='ocrx_word' id='word_1_217' title='bbox 833 3595 1099 3699; x_wconf 82' lang='lat' dir='ltr'><strong>interdicto</strong></span> <span class='ocrx_word' id='word_1_218' title='bbox 1162 3592 1301 3701; x_wconf 83' lang='lat' dir='ltr'><strong>osuit.</strong></span> <span class='ocrx_word' id='word_1_219' title='bbox 1373 3601 1595 3697; x_wconf 82' lang='lat' dir='ltr'><strong>Econtra</strong></span> <span class='ocrx_word' id='word_1_220' title='bbox 1660 3596 1789 3695; x_wconf 59' lang='lat' dir='ltr'><strong>redi,</strong></span> 
     </span>
     <span class='ocr_line' id='line_1_29' title="bbox 260 3630 1662 3842; baseline -0.001 -28"><span class='ocrx_word' id='word_1_221' title='bbox 260 3733 373 3814; x_wconf 88' lang='lat' dir='ltr'><strong>ctus</strong></span> <span class='ocrx_word' id='word_1_222' title='bbox 393 3745 483 3810; x_wconf 89' lang='lat' dir='ltr'><strong>rex</strong></span> <span class='ocrx_word' id='word_1_223' title='bbox 502 3713 691 3813; x_wconf 83' lang='lat' dir='ltr'><strong>francie</strong></span> <span class='ocrx_word' id='word_1_224' title='bbox 710 3715 764 3811; x_wconf 92' lang='lat' dir='ltr'><strong>in</strong></span> <span class='ocrx_word' id='word_1_225' title='bbox 784 3715 1014 3842; x_wconf 89' lang='lat' dir='ltr'><strong>proximo</strong></span> <span class='ocrx_word' id='word_1_226' title='bbox 1049 3712 1099 3808; x_wconf 90' lang='lat' dir='ltr'><strong>fe</strong></span> <span class='ocrx_word' id='word_1_227' title='bbox 1139 3745 1170 3809; x_wconf 95' lang='lat' dir='ltr'><strong>o</strong></span> <span class='ocrx_word' id='word_1_228' title='bbox 1201 3715 1338 3811; x_wconf 88' lang='lat' dir='ltr'><strong>beati</strong></span> <span class='ocrx_word' id='word_1_229' title='bbox 1368 3716 1605 3810; x_wconf 89' lang='lat' dir='ltr'><strong>Iohannis</strong></span> <span class='ocrx_word' id='word_1_230' title='bbox 1625 3630 1662 3812; x_wconf 59' lang='lat' dir='ltr'>g</span> 
     </span>
     <span class='ocr_line' id='line_1_30' title="bbox 259 3828 1789 3959; baseline -0.003 -28"><span class='ocrx_word' id='word_1_231' title='bbox 259 3834 328 3931; x_wconf 83' lang='lat' dir='ltr'><strong>lle</strong></span> <span class='ocrx_word' id='word_1_232' title='bbox 354 3862 527 3929; x_wconf 85' lang='lat' dir='ltr'><strong>omnes</strong></span> <span class='ocrx_word' id='word_1_233' title='bbox 549 3830 769 3959; x_wconf 86' lang='lat' dir='ltr'><strong>prelatos</strong></span> <span class='ocrx_word' id='word_1_234' title='bbox 802 3846 856 3934; x_wconf 86' lang='lat' dir='ltr'><strong>et</strong></span> <span class='ocrx_word' id='word_1_235' title='bbox 876 3828 1110 3932; x_wconf 85' lang='lat' dir='ltr'><strong>doctores</strong></span> <span class='ocrx_word' id='word_1_236' title='bbox 1140 3829 1219 3931; x_wconf 85' lang='lat' dir='ltr'><strong>Rc</strong></span> <span class='ocrx_word' id='word_1_237' title='bbox 1290 3834 1308 3927; x_wconf 87' lang='lat' dir='ltr'><strong>i</strong></span> <span class='ocrx_word' id='word_1_238' title='bbox 1337 3833 1407 3928; x_wconf 90' lang='lat' dir='ltr'><strong>sui</strong></span> <span class='ocrx_word' id='word_1_239' title='bbox 1437 3833 1643 3931; x_wconf 86' lang='lat' dir='ltr'><strong>Parillus</strong></span> <span class='ocrx_word' id='word_1_240' title='bbox 1670 3862 1789 3929; x_wconf 82' lang='lat' dir='ltr'><strong>com</strong></span> 
     </span>
    </p>
   </div>
   <div class='ocr_carea' id='block_1_6' title="bbox 90 3946 1934 4089">
    <p class='ocr_par' dir='ltr' id='par_1_9' title="bbox 90 3946 1934 4089">
     <span class='ocr_line' id='line_1_31' title="bbox 90 3946 1934 4089; baseline -0.005 -38"><span class='ocrx_word' id='word_1_241' title='bbox 90 4048 97 4057; x_wconf 89' lang='grc'>,</span> <span class='ocrx_word' id='word_1_242' title='bbox 260 3953 466 4055; x_wconf 84' lang='lat' dir='ltr'><strong>uocauit</strong></span> <span class='ocrx_word' id='word_1_243' title='bbox 490 3946 552 4044; x_wconf 92' lang='lat' dir='ltr'><strong>de</strong></span> <span class='ocrx_word' id='word_1_244' title='bbox 577 3979 787 4075; x_wconf 91' lang='lat' dir='ltr'><strong>quorum</strong></span> <span class='ocrx_word' id='word_1_245' title='bbox 812 3948 1013 4050; x_wconf 79' lang='lat' dir='ltr'><strong>conns-io</strong></span> <span class='ocrx_word' id='word_1_246' title='bbox 1039 3964 1090 4047; x_wconf 89' lang='lat' dir='ltr'><strong>et</strong></span> <span class='ocrx_word' id='word_1_247' title='bbox 1111 3979 1208 4051; x_wconf 93' lang='lat' dir='ltr'><strong>con</strong></span> <span class='ocrx_word' id='word_1_248' title='bbox 1230 3951 1347 4089; x_wconf 80' lang='lat' dir='ltr'><strong>cusu</strong></span> <span class='ocrx_word' id='word_1_249' title='bbox 1361 3948 1595 4076; x_wconf 85' lang='lat' dir='ltr'><strong>quosdam</strong></span> <span class='ocrx_word' id='word_1_250' title='bbox 1610 3952 1788 4047; x_wconf 74' lang='lat' dir='ltr'><strong>articu·</strong></span> <span class='ocrx_word' id='word_1_251' title='bbox 1933 3974 1934 3977; x_wconf 62' lang='lat'>‘</span> 
     </span>
    </p>
   </div>
   <div class='ocr_carea' id='block_1_7' title="bbox 259 4064 1789 4323">
    <p class='ocr_par' dir='ltr' id='par_1_10' title="bbox 259 4064 1789 4323">
     <span class='ocr_line' id='line_1_32' title="bbox 259 4064 1788 4193; baseline -0.001 -26"><span class='ocrx_word' id='word_1_252' title='bbox 259 4070 344 4167; x_wconf 88' lang='lat' dir='ltr'><strong>los</strong></span> <span class='ocrx_word' id='word_1_253' title='bbox 368 4082 542 4164; x_wconf 88' lang='lat' dir='ltr'><strong>contra</strong></span> <span class='ocrx_word' id='word_1_254' title='bbox 563 4064 841 4191; x_wconf 85' lang='lat' dir='ltr'><strong>predictum</strong></span> <span class='ocrx_word' id='word_1_255' title='bbox 864 4072 1059 4193; x_wconf 85' lang='lat' dir='ltr'><strong>papam.</strong></span> <span class='ocrx_word' id='word_1_256' title='bbox 1112 4066 1243 4165; x_wconf 85' lang='lat' dir='ltr'><strong>licet</strong></span> <span class='ocrx_word' id='word_1_257' title='bbox 1264 4097 1426 4165; x_wconf 80' lang='lat' dir='ltr'><strong>snmus</strong></span> <span class='ocrx_word' id='word_1_258' title='bbox 1458 4067 1788 4177; x_wconf 79' lang='lat' dir='ltr'><strong>racionabiles</strong></span> 
     </span>
     <span class='ocr_line' id='line_1_33' title="bbox 260 4180 1789 4323; baseline -0.001 -40"><span class='ocrx_word' id='word_1_259' title='bbox 260 4183 556 4323; x_wconf 68' lang='lat' dir='ltr'><strong>conscripse„</strong></span> <span class='ocrx_word' id='word_1_260' title='bbox 590 4197 650 4323; x_wconf 75' lang='lat' dir='ltr'><strong>et</strong></span> <span class='ocrx_word' id='word_1_261' title='bbox 673 4180 739 4282; x_wconf 90' lang='lat' dir='ltr'><strong>ad</strong></span> <span class='ocrx_word' id='word_1_262' title='bbox 759 4180 978 4289; x_wconf 82' lang='lat' dir='ltr'><strong>futurum</strong></span> <span class='ocrx_word' id='word_1_263' title='bbox 998 4216 1180 4313; x_wconf 88' lang='lat' dir='ltr'><strong>papam</strong></span> <span class='ocrx_word' id='word_1_264' title='bbox 1211 4184 1296 4283; x_wconf 92' lang='lat' dir='ltr'><strong>uel</strong></span> <span class='ocrx_word' id='word_1_265' title='bbox 1315 4184 1582 4297; x_wconf 85' lang='lat' dir='ltr'><strong>concilium</strong></span> <span class='ocrx_word' id='word_1_266' title='bbox 1614 4201 1789 4293; x_wconf 86' lang='lat' dir='ltr'><strong>contra</strong></span> 
     </span>
    </p>
   </div>
   <div class='ocr_carea' id='block_1_8' title="bbox 1664 3719 1966 3843">
    <p class='ocr_par' dir='ltr' id='par_1_11' title="bbox 1664 3719 1966 3843">
     <span class='ocr_line' id='line_1_34' title="bbox 1664 3719 1966 3843; baseline 0.023 -33"><span class='ocrx_word' id='word_1_267' title='bbox 1664 3719 1787 3843; x_wconf 79' lang='lat' dir='ltr'><strong>apt&#39;n</strong></span> <span class='ocrx_word' id='word_1_268' title='bbox 1845 3732 1848 3739; x_wconf 71' lang='grc'>“</span> <span class='ocrx_word' id='word_1_269' title='bbox 1960 3806 1966 3817; x_wconf 92' lang='grc'><strong>.</strong></span> 
     </span>
    </p>
   </div>
   <div class='ocr_carea' id='block_1_9' title="bbox 260 4300 1943 4430">
    <p class='ocr_par' dir='ltr' id='par_1_12' title="bbox 260 4300 1943 4430">
     <span class='ocr_line' id='line_1_35' title="bbox 260 4300 1943 4430; baseline -0.001 -30"><span class='ocrx_word' id='word_1_270' title='bbox 260 4307 565 4400; x_wconf 86' lang='lat' dir='ltr'><strong>sentencram</strong></span> <span class='ocrx_word' id='word_1_271' title='bbox 586 4330 640 4399; x_wconf 83' lang='lat' dir='ltr'><strong>rn</strong></span> <span class='ocrx_word' id='word_1_272' title='bbox 665 4329 778 4397; x_wconf 89' lang='lat' dir='ltr'><strong>eum</strong></span> <span class='ocrx_word' id='word_1_273' title='bbox 794 4300 947 4406; x_wconf 87' lang='lat' dir='ltr'><strong>latam</strong></span> <span class='ocrx_word' id='word_1_274' title='bbox 966 4334 1133 4400; x_wconf 84' lang='lat' dir='ltr'><strong>eoram</strong></span> <span class='ocrx_word' id='word_1_275' title='bbox 1155 4316 1266 4400; x_wconf 86' lang='lat' dir='ltr'><strong>toto</strong></span> <span class='ocrx_word' id='word_1_276' title='bbox 1290 4302 1426 4405; x_wconf 81' lang='lat' dir='ltr'><strong>clero</strong></span> <span class='ocrx_word' id='word_1_277' title='bbox 1449 4301 1789 4430; x_wconf 85' lang='lat' dir='ltr'><strong>sollempniter</strong></span> <span class='ocrx_word' id='word_1_278' title='bbox 1939 4366 1943 4374; x_wconf 89' lang='lat'>-</span> 
     </span>
    </p>
   </div>
   <div class='ocr_carea' id='block_1_10' title="bbox 256 4416 1787 4995">
    <p class='ocr_par' dir='ltr' id='par_1_13' title="bbox 264 4416 1787 4547">
     <span class='ocr_line' id='line_1_36' title="bbox 264 4416 1787 4547; baseline -0.001 -32"><span class='ocrx_word' id='word_1_279' title='bbox 264 4418 552 4547; x_wconf 83' lang='lat' dir='ltr'><strong>appellauit</strong></span> <span class='ocrx_word' id='word_1_280' title='bbox 612 4416 726 4515; x_wconf 86' lang='lat' dir='ltr'><strong>Post</strong></span> <span class='ocrx_word' id='word_1_281' title='bbox 747 4419 842 4522; x_wconf 86' lang='lat' dir='ltr'><strong>hec</strong></span> <span class='ocrx_word' id='word_1_282' title='bbox 869 4421 925 4520; x_wconf 76' lang='lat' dir='ltr'><strong>in</strong></span> <span class='ocrx_word' id='word_1_283' title='bbox 948 4418 1069 4517; x_wconf 82' lang='lat' dir='ltr'><strong>festo</strong></span> <span class='ocrx_word' id='word_1_284' title='bbox 1100 4420 1236 4536; x_wconf 76' lang='lat' dir='ltr'><strong>beati</strong></span> <span class='ocrx_word' id='word_1_285' title='bbox 1268 4420 1591 4523; x_wconf 79' lang='lat' dir='ltr'><strong>leronimi·ex</strong></span> <span class='ocrx_word' id='word_1_286' title='bbox 1609 4452 1787 4547; x_wconf 90' lang='lat' dir='ltr'><strong>procu·</strong></span> 
     </span>
    </p>

    <p class='ocr_par' dir='ltr' id='par_1_14' title="bbox 263 4533 1783 4676">
     <span class='ocr_line' id='line_1_37' title="bbox 263 4533 1783 4676; baseline 0 -43"><span class='ocrx_word' id='word_1_287' title='bbox 263 4539 468 4643; x_wconf 79' lang='lat' dir='ltr'><strong>racione</strong></span> <span class='ocrx_word' id='word_1_288' title='bbox 488 4536 619 4676; x_wconf 85' lang='lat' dir='ltr'><strong>regis</strong></span> <span class='ocrx_word' id='word_1_289' title='bbox 634 4533 859 4661; x_wconf 80' lang='lat' dir='ltr'><strong>predicti</strong></span> <span class='ocrx_word' id='word_1_290' title='bbox 880 4552 935 4632; x_wconf 86' lang='lat' dir='ltr'><strong>ut</strong></span> <span class='ocrx_word' id='word_1_291' title='bbox 958 4536 1190 4641; x_wconf 86' lang='lat' dir='ltr'><strong>dicitura</strong></span> <span class='ocrx_word' id='word_1_292' title='bbox 1211 4539 1437 4638; x_wconf 84' lang='lat' dir='ltr'><strong>Domino</strong></span> <span class='ocrx_word' id='word_1_293' title='bbox 1460 4536 1608 4635; x_wconf 86' lang='lat' dir='ltr'><strong>Serra</strong></span> <span class='ocrx_word' id='word_1_294' title='bbox 1630 4536 1783 4633; x_wconf 83' lang='lat' dir='ltr'><strong>Sena·</strong></span> 
     </span>
    </p>

    <p class='ocr_par' dir='ltr' id='par_1_15' title="bbox 265 4651 1783 4785">
     <span class='ocr_line' id='line_1_38' title="bbox 265 4651 1783 4785; baseline 0 -34"><span class='ocrx_word' id='word_1_295' title='bbox 265 4670 379 4767; x_wconf 84' lang='lat' dir='ltr'><strong>tore</strong></span> <span class='ocrx_word' id='word_1_296' title='bbox 403 4668 455 4748; x_wconf 89' lang='lat' dir='ltr'><strong>et</strong></span> <span class='ocrx_word' id='word_1_297' title='bbox 478 4654 645 4749; x_wconf 69' lang='lat' dir='ltr'><strong>amicis</strong></span> <span class='ocrx_word' id='word_1_298' title='bbox 679 4651 1014 4750; x_wconf 84' lang='lat' dir='ltr'><strong>Cardinalium</strong></span> <span class='ocrx_word' id='word_1_299' title='bbox 1037 4654 1101 4751; x_wconf 92' lang='lat' dir='ltr'><strong>de</strong></span> <span class='ocrx_word' id='word_1_300' title='bbox 1123 4656 1406 4785; x_wconf 87' lang='lat' dir='ltr'><strong>Columpna</strong></span> <span class='ocrx_word' id='word_1_301' title='bbox 1437 4652 1783 4781; x_wconf 74' lang='lat' dir='ltr'><strong>depositorum.</strong></span> 
     </span>
    </p>

    <p class='ocr_par' dir='ltr' id='par_1_16' title="bbox 256 4770 1784 4995">
     <span class='ocr_line' id='line_1_39' title="bbox 256 4770 1784 4995; baseline -0.002 -125"><span class='ocrx_word' id='word_1_302' title='bbox 256 4771 498 4874; x_wconf 52' lang='lat' dir='ltr'><strong>⁴dominus</strong></span> <span class='ocrx_word' id='word_1_303' title='bbox 537 4770 827 4875; x_wconf 77' lang='lat' dir='ltr'><strong>Bonffacius</strong></span> <span class='ocrx_word' id='word_1_304' title='bbox 864 4802 998 4913; x_wconf 82' lang='lat' dir='ltr'><strong>papa</strong></span> <span class='ocrx_word' id='word_1_305' title='bbox 1034 4770 1310 4913; x_wconf 73' lang='lat' dir='ltr'><strong>predictus,</strong></span> <span class='ocrx_word' id='word_1_306' title='bbox 1362 4774 1422 4885; x_wconf 76' lang='lat' dir='ltr'><strong>jn</strong></span> <span class='ocrx_word' id='word_1_307' title='bbox 1458 4773 1784 4995; x_wconf 70' lang='lat' dir='ltr'><strong>squpalacio</strong></span> 
     </span>
     <span class='ocr_line' id='line_1_40' title="bbox 726 4920 1726 4995; baseline 0.002 -2"><span class='ocrx_word' id='word_1_308' title='bbox 726 4982 731 4993; x_wconf 92' lang='lat'><em>.</em></span> <span class='ocrx_word' id='word_1_309' title='bbox 1605 4920 1726 4995; x_wconf 77' lang='lat' dir='ltr'><strong>nan·</strong></span> 
     </span>
    </p>
   </div>
   <div class='ocr_carea' id='block_1_11' title="bbox 0 0 2376 6067">
    <p class='ocr_par' dir='ltr' id='par_1_17' title="bbox 0 0 2376 6067">
     <span class='ocr_line' id='line_1_41' title="bbox 0 0 2376 6067; baseline 0 1"><span class='ocrx_word' id='word_1_310' title='bbox 0 0 2376 6067; x_wconf 95' lang='lat' dir='ltr'><strong> </strong></span> 
     </span>
    </p>
   </div>
  </div>
 </body>
</html>
