4742 6067
768 396 1367 574 osannuovucnsn.
1697 451 1772 567 322
1852 564 1856 581 Ι

309 670 580 766 exercitum
596 663 674 761 de
696 664 896 762 Aull'ria·
920 664 982 763 ad
1041 672 1171 763 artes
1192 665 1336 763 Reni.
1367 666 1601 765 transiens
1622 698 1711 797 per
1734 664 1832 791 ss-

308 791 432 899 riam
463 800 515 881 ct
536 784 980 891 Kariathiam.'ubi
1001 700 1221 881 diuersos
1243 784 1599 883 Eccleuasticos
1631 802 1684 882 et
1701 786 1834 882 secu·

307 904 438 1000 lares
473 933 564 1030 per
591 902 853 1039 pecuniam
919 934 1031 999 uam
1056 918 1229 1017 mutuo
1251 932 1357 1013 non
1390 903 1442 997 in
1501 935 1618 1001 arua
1641 907 1837 1033 quantis

311 1037 412 1117 tate
451 1052 481 1115 a
507 1016 717 1117 ducibus
736 1019 913 1113 Karint
952 1024 995 1116 'e
1017 1035 1288 1145 receperat
1319 1034 1370 1115 et
1401 1019 1453 1115 fa
1492 1053 1546 1117 as
1566 1020 1836 1147 promissio·

310 1170 401 1237 nes
419 1232 423 1237 ,
444 1160 588 1243 corru
625 1137 677 1232 it.
708 1137 1006 1263 ueniensque
1038 1135 1103 1233 ad
1132 1152 1300 1265 partes
1342 1134 1475 1234 Reni
1504 1138 1555 1235 in
1586 1133 1837 1265 Oppidum
1995 1216 1999 1225 .

308 1169 676 1369 Sclraflrawsdn.
736 1256 784 1350 A
808 1253 1114 1395 Moguntino.
1133 1269 1185 1350 et
1206 1253 1293 1352 srbi
1313 1250 1666 1355 adherentibus
1687 1258 1740 1351 in
1759 1286 1835 1361 re·
1906 1296 1908 1299 ·

178 1439 182 1446 -
310 1404 422 1501 gem
453 1370 780 1467 constituitur.
804 1370 1011 1469 dommo
1041 1368 1232 1475 Adolfo
1258 1403 1374 1499 rege
1400 1372 1647 1500 superstite
1680 1386 1732 1469 et
1758 1403 1837 1468 re·

309 1504 510 1618 girante.
540 1490 684 1585 buius
722 1487 963 1586 discordie
998 1504 1173 1615 auctor
1192 1489 1614 1627 permaximefuit
1632 1489 1864 1617 Archia-V·
1913 1520 1917 1523 ·

309 1608 540 1749 piscopus
562 1606 655 1713 Mo
690 1608 906 1703 untinus.
946 1604 1059 1735 Poll
1086 1606 1181 1701 hec
1205 1637 1258 1700 m
1279 1603 1417 1736 bello
1446 1605 1699 1733 campestri
1721 1636 1837 1703 con·

270 1748 274 1753 ’
370 1725 613 1824 edruntur.
644 1754 676 1817 u
713 1725 730 1818 i
760 1723 991 1834 dominus
1010 1722 1227 1819 Adolfus
1247 1753 1336 1817 rex
1358 1723 1610 1849 predictus
1632 1724 1839 1817 nimium

335 1867 513 1944 eruens
526 1837 795 1937 vindictam
806 1841 1132 1965 persecutoris
1160 1842 1245 1959 sui.
1277 1841 1498 1937 exercitu
1529 1841 1615 1935 suo
1646 1854 1839 1969 atergo
1971 1880 1974 1891 ·

310 1961 501 2081 relicto.
531 1958 838 2083 persequitur
869 1988 980 2052 cum
1015 1957 1186 2083 paucis
1217 1962 1387 2085 regem
1412 1956 1513 2053 siue
1550 1956 1732 2053 ducem·
1763 1960 1837 2052 in·

313 2077 508 2172 trusum.
553 2086 605 2166 ct
634 2075 687 2165 in
706 2075 818 2197 >ipsa
848 2073 1184 2199 congressione
1215 2072 1395 2199 lapsus'
1419 2076 1472 2166 in
1504 2103 1635 2197 equo
1666 2070 1841 2168 uulne-

313 2192 465 2292 satus.
504 2188 615 2283 hiis
645 2217 772 2325 quos
812 2217 842 2280 a
882 2200 1028 2325 tergo
1064 2187 1348 2316 reliquerat.
1391 2188 1721 2285 uenientibus.
1752 2221 1843 2287 rex

314 2312 538 2405 mortuus
571 2303 636 2398 esl
669 2317 915 2402 muentus.
947 2335 1033 2431 qur
1062 2318 1182 2435 aput
1211 2303 1609 2400 sanctimoniales
1633 2306 1686 2401 in
1709 2307 1842 2403 valle
1995 2364 1997 2369 -
2121 2364 2123 2371 -

313 2426 532 2538 rosarum
574 2421 819 2547 sepelitur.
864 2452 996 2517 anno
1027 2422 1132 2549 regi
1161 2421 1236 2515 sui
1251 2420 1360 2517 -VI⁰.
1401 2423 1454 2517 in
1485 2422 1689 2535 crastino
1720 2420 1843 2535 Pro.

316 2542 440 2682 cclii
459 2550 512 2636 et
539 2537 843 2679 Martiniani.
876 2540 992 2665 quia
1021 2536 1272 2685 sepultura
1298 2542 1422 2753 affl·
1680 2656 1689 2677 ι
1839 2666 1843 2675 .
1908 2660 1951 2681 y·

220 2782 224 2788 μ
276 2656 722 2907 ,ξὲἑᾶἓεάιεωιη
762 2655 1025 2793 Albertum
1062 2654 1303 2757 nrtrusum
1334 2688 1376 2819 'r
1408 2686 1428 2755 r
1463 2669 1581 2755 nme
1621 2652 1716 2755 furt
1757 2654 1845 2785 def

873 2980 878 2989 ·
937 2937 1241 3065 Incidencia
1318 3018 1320 3023 ,
1400 3054 1406 3064 ,
1542 3054 1548 3067 ,
1730 3068 1735 3073 .

319 3134 330 3153 ’
434 3110 777 3244 M⁰.cc⁶.xciij⁹.
803 3122 1054 3219 Dominus
1082 3090 1847 3221 GwrlhelmusPremonsiratenss
1967 3144 1970 3151 ·

1407 2568 1436 2631 a
1467 2544 1588 2669 aput
1615 2537 1846 2663 Sp'ire'am
1992 2546 1994 2551 ’
2032 2572 2041 2591 “
2148 2659 2152 2667 ¹
2190 2626 2197 2639 .

317 3240 376 3338 sis
402 3241 575 3340 Abbas
604 3242 657 3337 in
680 3242 876 3337 Octaua
897 3242 947 3336 A
983 3239 1249 3339 ostolorum
1271 3241 1411 3338 Petri
1442 3254 1493 3337 et
1513 3240 1658 3341 Pauli
1687 3239 1845 3335 uisitat
1975 3288 1977 3293 ·

315 3358 583 3457 Ecclesiam
615 3357 922 3454 Ossethoucn
946 3389 1038 3455 em.
1069 3388 1182 3453 cum
1218 3358 1450 3454 adiuncta
1484 3357 1569 3454 srbi
1598 3354 1844 3453 societate.

36 3445 41 3457 ’
174 3487 193 3495 ‘
313 3476 500 3573 scilicet
522 3465 888 3571 venerabilibus
912 3474 1149 3600 patribus.
1172 3472 1480 3571 Cuslianensr.
1506 3470 1845 3570 Arnstainbflst·

316 3593 592 3690 abbatibus.
623 3606 675 3688 et
697 3591 945 3732 preposito
970 3588 1033 3686 de
1056 3590 1213 3685 Mani
1239 3602 1348 3685 cum
1376 3592 1484 3685 aliis
1508 3591 1712 3717 prelatis
1731 3620 1848 3715 pro·

118 3734 125 3741 ’
307 3705 629 3808 uincialibus.
657 3706 843 3803 sedicet
862 3706 958 3801 Vrs
987 3703 1846 3849 ergens.³Sch'estlarens1.Nouecel-
1908 3791 1911 3797 .

249 3839 253 3847 “
313 3826 447 3926 lensi.
479 3820 901 3964 Windebergenli.
968 3822 1340 3965 parnshartensr.
1372 3825 1456 3951 qui
1488 3819 1654 3921 eidem
1678 3853 1853 3918 occurs·

314 3958 502 4041 rerunt.
531 3939 854 4064 subdommo
877 3942 1048 4055 Vlrrco
1078 3942 1230 4037 huius¹
1254 3941 1356 4039 locs
1381 3938 1573 4035 abbate.
1602 3940 1871 4045 annones·

314 4063 513 4190 giminis
544 4060 614 4153 sui
642 4060 720 4182 vj⁰.
781 4060 829 4154 ui
861 4061 1016 4154 eciam
1048 4090 1160 4156 cum
1191 4058 1371 4155 eodem
1401 4070 1673 4173 uenerunt,
1705 4058 1847 4181 causa

318 4176 615 4276 visitacionis
645 4183 737 4304 p'er
802 4179 1028 4273 weuiam.
1057 4173 1349 4275 Bawariam.
1379 4174 1621 4271 Austriam·
1651 4187 1701 4270 ct
1732 4174 1847 4271 Mo·

316 4298 518 4392 rauiam,
565 4294 715 4421 usque
755 4292 818 4393 ad
854 4294 1120 4412 Ecclesiam
1155 4292 1527 4389 Chdnicenscm.
1568 4292 1638 4387 ibi
1666 4284 1845 4388 relicto

274 4466 280 4470 -
316 4412 546 4541 predicto
569 4409 775 4509 domino
799 4410 1239 4507 Premonssratensr.
1270 4413 1541 4537 iniungitur
1566 4411 1612 4505 ci
1636 4409 1846 4507 uifitatio

319 4528 524 4624 ecclesie
548 4530 608 4622 ‚in
630 4527 893 4643 Griuental
923 4532 975 4623 in
998 4529 1284 4640 Karinthia.·
1333 4528 1525 4656 Dirigit
1555 4542 1720 4623 autem
1750 4529 1847 4629 iter

232 4757 238 4767 ,
318 4648 454 4785 suum
487 4642 740 4785 predictus
764 4643 993 4744 dominus
1018 4644 1470 4783 Premonllratensrs
1496 4644 1659 4741 uersus
1680 4644 1846 4741 Bohel·

317 4793 480 4867 mtam
515 4793 651 4863 ciuus
682 4778 812 4863 terre
841 4763 1085 4979 Ecclcsbas
1114 4766 1185 4861 sui
1215 4763 1402 4867 ordinis
1421 4760 1593 4861 visitat.
1622 4778 1674 4861 et
1697 4761 1847 4861 a'Re·

409 4951 411 4956 -
1064 4912 1147 4989 vu
1720 4910 1783 5008 ge
