<?xml version="1.0" encoding="UTF-8"?>
<!DOCTYPE html PUBLIC "-//W3C//DTD XHTML 1.0 Transitional//EN"
    "http://www.w3.org/TR/xhtml1/DTD/xhtml1-transitional.dtd">
<html xmlns="http://www.w3.org/1999/xhtml" xml:lang="en" lang="en">
 <head>
  <title>
</title>
<meta http-equiv="Content-Type" content="text/html;charset=utf-8" />
  <meta name='ocr-system' content='tesseract 3.04.00' />
  <meta name='ocr-capabilities' content='ocr_page ocr_carea ocr_par ocr_line ocrx_word'/>
</head>
<body>
  <div class='ocr_page' id='page_1' title='image "./rerumavstriacar02raucgoog_0160.png"; bbox 0 0 4742 6067; ppageno 0'>
   <div class='ocr_carea' id='block_1_1' title="bbox 619 416 2077 587">
    <p class='ocr_par' dir='ltr' id='par_1_1' title="bbox 619 416 2077 587">
     <span class='ocr_line' id='line_1_1' title="bbox 619 416 2077 587; baseline 0.008 -58"><span class='ocrx_word' id='word_1_1' title='bbox 619 424 1048 587; x_wconf 55' lang='lat' dir='ltr'>›onnonrcon</span> <span class='ocrx_word' id='word_1_2' title='bbox 1099 448 1445 533; x_wconf 63' lang='lat' dir='ltr'>narrum.</span> <span class='ocrx_word' id='word_1_3' title='bbox 1646 452 1721 557; x_wconf 65' lang='lat'>139</span> <span class='ocrx_word' id='word_1_4' title='bbox 1897 550 1902 557; x_wconf 21' lang='lat'>⁸</span> <span class='ocrx_word' id='word_1_5' title='bbox 1991 554 1994 561; x_wconf 50' lang='grc'><em>,</em></span> <span class='ocrx_word' id='word_1_6' title='bbox 2075 416 2077 423; x_wconf 74' lang='grc'><strong>’</strong></span> 
     </span>
    </p>
   </div>
   <div class='ocr_carea' id='block_1_2' title="bbox 256 646 1774 903">
    <p class='ocr_par' dir='ltr' id='par_1_2' title="bbox 256 646 1774 903">
     <span class='ocr_line' id='line_1_2' title="bbox 256 646 1774 759; baseline -0.003 0"><span class='ocrx_word' id='word_1_7' title='bbox 256 656 411 759; x_wconf 86' lang='lat' dir='ltr'>Rubr.</span> <span class='ocrx_word' id='word_1_8' title='bbox 437 656 657 753; x_wconf 83' lang='lat' dir='ltr'>Primum</span> <span class='ocrx_word' id='word_1_9' title='bbox 680 653 971 755; x_wconf 84' lang='lat' dir='ltr'>ecclesiastes</span> <span class='ocrx_word' id='word_1_10' title='bbox 993 656 1187 751; x_wconf 85' lang='lat' dir='ltr'>luxerat</span> <span class='ocrx_word' id='word_1_11' title='bbox 1204 650 1416 751; x_wconf 86' lang='lat' dir='ltr'>mortem</span> <span class='ocrx_word' id='word_1_12' title='bbox 1433 649 1538 751; x_wconf 77' lang='lat' dir='ltr'>¹tarn</span> <span class='ocrx_word' id='word_1_13' title='bbox 1560 646 1774 757; x_wconf 80' lang='lat' dir='ltr'>strennui</span> 
     </span>
     <span class='ocr_line' id='line_1_3' title="bbox 446 765 1696 903; baseline -0.003 -34"><span class='ocrx_word' id='word_1_14' title='bbox 446 777 784 901; x_wconf 89' lang='lat' dir='ltr'>imperatoris.</span> <span class='ocrx_word' id='word_1_15' title='bbox 815 778 1159 903; x_wconf 84' lang='lat' dir='ltr'>cogitauerunt</span> <span class='ocrx_word' id='word_1_16' title='bbox 1176 765 1240 864; x_wconf 92' lang='lat' dir='ltr'>de</span> <span class='ocrx_word' id='word_1_17' title='bbox 1262 770 1619 877; x_wconf 84' lang='lat' dir='ltr'>substitucione.</span> <span class='ocrx_word' id='word_1_18' title='bbox 1690 812 1696 833; x_wconf 91' lang='lat'><strong>·</strong></span> 
     </span>
    </p>
   </div>
   <div class='ocr_carea' id='block_1_3' title="bbox 90 910 1915 4317">
    <p class='ocr_par' dir='ltr' id='par_1_3' title="bbox 90 910 1915 1630">
     <span class='ocr_line' id='line_1_4' title="bbox 90 910 1461 1019; baseline -0.007 -11"><span class='ocrx_word' id='word_1_19' title='bbox 90 950 94 960; x_wconf 57' lang='lat'><em>¹</em></span> <span class='ocrx_word' id='word_1_20' title='bbox 216 981 223 994; x_wconf 55' lang='lat'>.</span> <span class='ocrx_word' id='word_1_21' title='bbox 372 912 533 1009; x_wconf 90' lang='lat' dir='ltr'>Porro</span> <span class='ocrx_word' id='word_1_22' title='bbox 557 912 688 1008; x_wconf 83' lang='lat' dir='ltr'>cesar</span> <span class='ocrx_word' id='word_1_23' title='bbox 711 910 1087 1014; x_wconf 71' lang='lat' dir='ltr'>&#39;inclitusnatos</span> <span class='ocrx_word' id='word_1_24' title='bbox 1106 926 1209 1007; x_wconf 84' lang='lat' dir='ltr'>tres</span> <span class='ocrx_word' id='word_1_25' title='bbox 1229 916 1461 1019; x_wconf 71' lang='lat' dir='ltr'>habebat,</span> 
     </span>
     <span class='ocr_line' id='line_1_5' title="bbox 257 1028 1659 1239; baseline -0.004 -113"><span class='ocrx_word' id='word_1_26' title='bbox 257 1029 545 1126; x_wconf 87' lang='lat' dir='ltr'>Heinricum</span> <span class='ocrx_word' id='word_1_27' title='bbox 568 1029 654 1156; x_wconf 94' lang='lat' dir='ltr'>qui</span> <span class='ocrx_word' id='word_1_28' title='bbox 673 1028 839 1239; x_wconf 80' lang='lat' dir='ltr'>apulie</span> <span class='ocrx_word' id='word_1_29' title='bbox 860 1043 1021 1125; x_wconf 90' lang='lat' dir='ltr'>totum</span> <span class='ocrx_word' id='word_1_30' title='bbox 1050 1034 1099 1126; x_wconf 92' lang='lat' dir='ltr'>se</span> <span class='ocrx_word' id='word_1_31' title='bbox 1131 1038 1380 1135; x_wconf 73' lang='lat' dir='ltr'>credebat.</span> <span class='ocrx_word' id='word_1_32' title='bbox 1655 1156 1659 1163; x_wconf 23' lang='grc'>,</span> 
     </span>
     <span class='ocr_line' id='line_1_6' title="bbox 259 1144 1915 1291; baseline 0.002 -50"><span class='ocrx_word' id='word_1_33' title='bbox 259 1144 675 1273; x_wconf 89' lang='lat' dir='ltr'>Chunradumque</span> <span class='ocrx_word' id='word_1_34' title='bbox 719 1148 863 1243; x_wconf 83' lang='lat' dir='ltr'>ueuie</span> <span class='ocrx_word' id='word_1_35' title='bbox 887 1144 1063 1242; x_wconf 85' lang='lat' dir='ltr'>ducem</span> <span class='ocrx_word' id='word_1_36' title='bbox 1088 1147 1507 1291; x_wconf 83' lang='lat' dir='ltr'>quemtranslixit.</span> <span class='ocrx_word' id='word_1_37' title='bbox 1713 1157 1716 1167; x_wconf 84' lang='grc'><strong>“</strong></span> <span class='ocrx_word' id='word_1_38' title='bbox 1898 1223 1915 1267; x_wconf 33' lang='grc' dir='ltr'><strong>χ</strong></span> 
     </span>
     <span class='ocr_line' id='line_1_7' title="bbox 258 1260 1778 1405; baseline 0.001 -45"><span class='ocrx_word' id='word_1_39' title='bbox 258 1264 420 1360; x_wconf 82' lang='lat' dir='ltr'>Faber</span> <span class='ocrx_word' id='word_1_40' title='bbox 444 1260 688 1359; x_wconf 89' lang='lat' dir='ltr'>adulterio</span> <span class='ocrx_word' id='word_1_41' title='bbox 709 1263 889 1405; x_wconf 80' lang='lat' dir='ltr'><strong>hicque</strong></span> <span class='ocrx_word' id='word_1_42' title='bbox 910 1262 1053 1383; x_wconf 88' lang='lat' dir='ltr'>breui</span> <span class='ocrx_word' id='word_1_43' title='bbox 1070 1268 1213 1371; x_wconf 63' lang='lat' dir='ltr'>uixit,</span> <span class='ocrx_word' id='word_1_44' title='bbox 1356 1314 1361 1325; x_wconf 84' lang='lat'>.</span> <span class='ocrx_word' id='word_1_45' title='bbox 1670 1274 1674 1285; x_wconf 88' lang='lat'>&#39;</span> <span class='ocrx_word' id='word_1_46' title='bbox 1776 1286 1778 1293; x_wconf 79' lang='grc'><em>’</em></span> 
     </span>
     <span class='ocr_line' id='line_1_8' title="bbox 260 1378 1476 1523; baseline 0.009 -48"><span class='ocrx_word' id='word_1_47' title='bbox 260 1379 469 1476; x_wconf 89' lang='lat' dir='ltr'>Tercius</span> <span class='ocrx_word' id='word_1_48' title='bbox 491 1383 543 1477; x_wconf 92' lang='lat' dir='ltr'>in</span> <span class='ocrx_word' id='word_1_49' title='bbox 567 1378 676 1502; x_wconf 84' lang='lat' dir='ltr'>filijs</span> <span class='ocrx_word' id='word_1_50' title='bbox 697 1381 953 1523; x_wconf 83' lang='lat' dir='ltr'>philrppus</span> <span class='ocrx_word' id='word_1_51' title='bbox 976 1380 1205 1486; x_wconf 89' lang='lat' dir='ltr'>donatur.</span> <span class='ocrx_word' id='word_1_52' title='bbox 1245 1464 1251 1496; x_wconf 48' lang='lat'><em>1</em></span> <span class='ocrx_word' id='word_1_53' title='bbox 1392 1448 1413 1496; x_wconf 47' lang='grc' dir='ltr'>ῃ</span> <span class='ocrx_word' id='word_1_54' title='bbox 1470 1408 1476 1417; x_wconf 92' lang='grc'><strong>’</strong></span> 
     </span>
     <span class='ocr_line' id='line_1_9' title="bbox 259 1497 1282 1630; baseline 0.008 -35"><span class='ocrx_word' id='word_1_55' title='bbox 259 1498 524 1616; x_wconf 87' lang='lat' dir='ltr'>Heinricus</span> <span class='ocrx_word' id='word_1_56' title='bbox 545 1497 755 1623; x_wconf 77' lang='lat' dir='ltr'>impono</span> <span class='ocrx_word' id='word_1_57' title='bbox 777 1501 863 1626; x_wconf 90' lang='lat' dir='ltr'>qui</span> <span class='ocrx_word' id='word_1_58' title='bbox 884 1512 936 1596; x_wconf 88' lang='lat' dir='ltr'>et</span> <span class='ocrx_word' id='word_1_59' title='bbox 954 1502 1282 1630; x_wconf 85' lang='lat' dir='ltr'>prosperatur.</span> 
     </span>
    </p>

    <p class='ocr_par' dir='ltr' id='par_1_4' title="bbox 260 1613 1463 1751">
     <span class='ocr_line' id='line_1_10' title="bbox 260 1613 1463 1751; baseline -0.005 -38"><span class='ocrx_word' id='word_1_60' title='bbox 260 1618 483 1743; x_wconf 84' lang='lat' dir='ltr'>Irmgitur</span> <span class='ocrx_word' id='word_1_61' title='bbox 504 1613 622 1707; x_wconf 88' lang='lat' dir='ltr'>hinc</span> <span class='ocrx_word' id='word_1_62' title='bbox 644 1614 808 1742; x_wconf 88' lang='lat' dir='ltr'>apulie</span> <span class='ocrx_word' id='word_1_63' title='bbox 833 1645 926 1744; x_wconf 89' lang='lat' dir='ltr'>per</span> <span class='ocrx_word' id='word_1_64' title='bbox 946 1646 1095 1740; x_wconf 90' lang='lat' dir='ltr'>quem</span> <span class='ocrx_word' id='word_1_65' title='bbox 1113 1638 1398 1751; x_wconf 80' lang='lat' dir='ltr'>generatur,</span> <span class='ocrx_word' id='word_1_66' title='bbox 1457 1692 1463 1707; x_wconf 85' lang='lat'>.</span> 
     </span>
    </p>

    <p class='ocr_par' dir='ltr' id='par_1_5' title="bbox 260 1729 1483 1960">
     <span class='ocr_line' id='line_1_11' title="bbox 260 1729 1483 1859; baseline 0.002 -30"><span class='ocrx_word' id='word_1_67' title='bbox 260 1733 393 1829; x_wconf 91' lang='lat' dir='ltr'>Puer</span> <span class='ocrx_word' id='word_1_68' title='bbox 416 1729 479 1827; x_wconf 90' lang='lat' dir='ltr'>de</span> <span class='ocrx_word' id='word_1_69' title='bbox 503 1730 667 1857; x_wconf 83' lang='lat' dir='ltr'>apulie</span> <span class='ocrx_word' id='word_1_70' title='bbox 693 1732 779 1859; x_wconf 92' lang='lat' dir='ltr'>qui</span> <span class='ocrx_word' id='word_1_71' title='bbox 801 1735 1197 1859; x_wconf 78' lang='lat' dir='ltr'>cognominatur.</span> <span class='ocrx_word' id='word_1_72' title='bbox 1480 1812 1483 1819; x_wconf 53' lang='grc'>,</span> 
     </span>
     <span class='ocr_line' id='line_1_12' title="bbox 260 1844 1468 1960; baseline 0.007 -15"><span class='ocrx_word' id='word_1_73' title='bbox 260 1848 607 1946; x_wconf 87' lang='lat' dir='ltr'>Mediolanum</span> <span class='ocrx_word' id='word_1_74' title='bbox 630 1844 796 1944; x_wconf 88' lang='lat' dir='ltr'>danuo</span> <span class='ocrx_word' id='word_1_75' title='bbox 820 1849 937 1945; x_wconf 91' lang='lat' dir='ltr'>huic</span> <span class='ocrx_word' id='word_1_76' title='bbox 961 1860 1300 1960; x_wconf 79' lang='lat' dir='ltr'>contrariatur.</span> <span class='ocrx_word' id='word_1_77' title='bbox 1457 1905 1468 1915; x_wconf 94' lang='lat'><strong>·</strong></span> 
     </span>
    </p>

    <p class='ocr_par' dir='ltr' id='par_1_6' title="bbox 261 1962 1646 2325">
     <span class='ocr_line' id='line_1_13' title="bbox 261 1962 1646 2092; baseline 0.012 -31"><span class='ocrx_word' id='word_1_78' title='bbox 261 1966 344 2068; x_wconf 91' lang='lat' dir='ltr'>De</span> <span class='ocrx_word' id='word_1_79' title='bbox 364 1962 817 2092; x_wconf 78' lang='lat' dir='ltr'>probrosis-ficubus</span> <span class='ocrx_word' id='word_1_80' title='bbox 839 1963 1003 2081; x_wconf 84' lang='lat' dir='ltr'>ulcisci</span> <span class='ocrx_word' id='word_1_81' title='bbox 1023 1970 1071 2064; x_wconf 89' lang='lat' dir='ltr'>se</span> <span class='ocrx_word' id='word_1_82' title='bbox 1096 1989 1319 2077; x_wconf 88' lang='lat' dir='ltr'>conatur.</span> <span class='ocrx_word' id='word_1_83' title='bbox 1421 2032 1426 2041; x_wconf 90' lang='lat'><em>·</em></span> <span class='ocrx_word' id='word_1_84' title='bbox 1476 2068 1480 2076; x_wconf 88' lang='lat'>.</span> <span class='ocrx_word' id='word_1_85' title='bbox 1643 2069 1646 2081; x_wconf 85' lang='lat'>.</span> 
     </span>
     <span class='ocr_line' id='line_1_14' title="bbox 266 2080 1545 2201; baseline 0.005 -23"><span class='ocrx_word' id='word_1_86' title='bbox 266 2081 453 2178; x_wconf 89' lang='lat' dir='ltr'>Cesaris</span> <span class='ocrx_word' id='word_1_87' title='bbox 477 2084 530 2175; x_wconf 92' lang='lat' dir='ltr'>in</span> <span class='ocrx_word' id='word_1_88' title='bbox 553 2080 656 2177; x_wconf 87' lang='lat' dir='ltr'>filio</span> <span class='ocrx_word' id='word_1_89' title='bbox 676 2081 880 2183; x_wconf 88' lang='lat' dir='ltr'>tandem</span> <span class='ocrx_word' id='word_1_90' title='bbox 899 2086 949 2180; x_wconf 89' lang='lat' dir='ltr'>su</span> <span class='ocrx_word' id='word_1_91' title='bbox 988 2100 1166 2193; x_wconf 77' lang='lat' dir='ltr'>oratur.</span> <span class='ocrx_word' id='word_1_92' title='bbox 1537 2180 1545 2201; x_wconf 30' lang='grc'><strong><em>7</em></strong></span> 
     </span>
     <span class='ocr_line' id='line_1_15' title="bbox 262 2114 1377 2325; baseline 0.013 -30"><span class='ocrx_word' id='word_1_93' title='bbox 262 2198 381 2295; x_wconf 90' lang='lat' dir='ltr'>Plus</span> <span class='ocrx_word' id='word_1_94' title='bbox 407 2216 553 2325; x_wconf 88' lang='lat' dir='ltr'>quam</span> <span class='ocrx_word' id='word_1_95' title='bbox 573 2212 715 2324; x_wconf 87' lang='lat' dir='ltr'>pater</span> <span class='ocrx_word' id='word_1_96' title='bbox 735 2198 863 2295; x_wconf 87' lang='lat' dir='ltr'>lilius</span> <span class='ocrx_word' id='word_1_97' title='bbox 881 2204 936 2301; x_wconf 88' lang='lat' dir='ltr'>in</span> <span class='ocrx_word' id='word_1_98' title='bbox 950 2114 1036 2295; x_wconf 67' lang='lat' dir='ltr'>liis</span> <span class='ocrx_word' id='word_1_99' title='bbox 1057 2204 1377 2311; x_wconf 81' lang='lat' dir='ltr'>debachatur.</span> 
     </span>
    </p>

    <p class='ocr_par' dir='ltr' id='par_1_7' title="bbox 262 2316 1337 2439">
     <span class='ocr_line' id='line_1_16' title="bbox 262 2316 1337 2439; baseline 0.007 -28"><span class='ocrx_word' id='word_1_100' title='bbox 262 2316 414 2412; x_wconf 90' lang='lat' dir='ltr'>Venit</span> <span class='ocrx_word' id='word_1_101' title='bbox 437 2319 489 2411; x_wconf 90' lang='lat' dir='ltr'>in</span> <span class='ocrx_word' id='word_1_102' title='bbox 510 2316 810 2439; x_wconf 84' lang='lat' dir='ltr'>germaniam</span> <span class='ocrx_word' id='word_1_103' title='bbox 834 2318 996 2412; x_wconf 90' lang='lat' dir='ltr'>uictor</span> <span class='ocrx_word' id='word_1_104' title='bbox 1020 2329 1072 2415; x_wconf 88' lang='lat' dir='ltr'>et</span> <span class='ocrx_word' id='word_1_105' title='bbox 1092 2320 1337 2421; x_wconf 90' lang='lat' dir='ltr'>laudatur.</span> 
     </span>
    </p>

    <p class='ocr_par' dir='ltr' id='par_1_8' title="bbox 262 2433 1308 2557">
     <span class='ocr_line' id='line_1_17' title="bbox 262 2433 1308 2557; baseline 0.005 -27"><span class='ocrx_word' id='word_1_106' title='bbox 262 2434 431 2531; x_wconf 89' lang='lat' dir='ltr'>Iurant</span> <span class='ocrx_word' id='word_1_107' title='bbox 453 2433 617 2527; x_wconf 89' lang='lat' dir='ltr'>cuncti</span> <span class='ocrx_word' id='word_1_108' title='bbox 643 2433 894 2557; x_wconf 89' lang='lat' dir='ltr'>principes</span> <span class='ocrx_word' id='word_1_109' title='bbox 913 2433 944 2526; x_wconf 85' lang='lat' dir='ltr'>sr</span> <span class='ocrx_word' id='word_1_110' title='bbox 1001 2438 1308 2556; x_wconf 79' lang='lat' dir='ltr'>remoriatur.</span> 
     </span>
    </p>

    <p class='ocr_par' dir='ltr' id='par_1_9' title="bbox 262 2544 1227 2689">
     <span class='ocr_line' id='line_1_18' title="bbox 262 2544 1227 2689; baseline 0 -42"><span class='ocrx_word' id='word_1_111' title='bbox 262 2552 397 2648; x_wconf 91' lang='lat' dir='ltr'>Puer</span> <span class='ocrx_word' id='word_1_112' title='bbox 422 2546 484 2644; x_wconf 91' lang='lat' dir='ltr'>dc</span> <span class='ocrx_word' id='word_1_113' title='bbox 511 2544 676 2689; x_wconf 85' lang='lat' dir='ltr'>apulia</span> <span class='ocrx_word' id='word_1_114' title='bbox 707 2547 845 2675; x_wconf 91' lang='lat' dir='ltr'>quod</span> <span class='ocrx_word' id='word_1_115' title='bbox 866 2549 951 2645; x_wconf 91' lang='lat' dir='ltr'>sub</span> <span class='ocrx_word' id='word_1_116' title='bbox 993 2551 1186 2650; x_wconf 80' lang='lat' dir='ltr'>’tuatun</span> <span class='ocrx_word' id='word_1_117' title='bbox 1218 2550 1227 2563; x_wconf 83' lang='lat'>&#39;</span> 
     </span>
    </p>

    <p class='ocr_par' dir='ltr' id='par_1_10' title="bbox 263 2662 1312 2794">
     <span class='ocr_line' id='line_1_19' title="bbox 263 2662 1312 2794; baseline 0.004 -30"><span class='ocrx_word' id='word_1_118' title='bbox 263 2666 518 2765; x_wconf 89' lang='lat' dir='ltr'>Friderich</span> <span class='ocrx_word' id='word_1_119' title='bbox 541 2668 750 2791; x_wconf 86' lang='lat' dir='ltr'>rmpcrio</span> <span class='ocrx_word' id='word_1_120' title='bbox 811 2662 880 2781; x_wconf 74' lang='lat' dir='ltr'>on</span> <span class='ocrx_word' id='word_1_121' title='bbox 898 2667 995 2763; x_wconf 91' lang='lat' dir='ltr'>hoc</span> <span class='ocrx_word' id='word_1_122' title='bbox 1022 2672 1312 2794; x_wconf 84' lang='lat' dir='ltr'>captiuatnr.</span> 
     </span>
    </p>

    <p class='ocr_par' dir='ltr' id='par_1_11' title="bbox 168 2775 1537 3033">
     <span class='ocr_line' id='line_1_20' title="bbox 168 2775 1338 2911; baseline 0.003 -30"><span class='ocrx_word' id='word_1_123' title='bbox 168 2822 172 2828; x_wconf 88' lang='lat'>·</span> <span class='ocrx_word' id='word_1_124' title='bbox 264 2784 524 2910; x_wconf 87' lang='lat' dir='ltr'>Postquam</span> <span class='ocrx_word' id='word_1_125' title='bbox 546 2796 689 2911; x_wconf 87' lang='lat' dir='ltr'>pater</span> <span class='ocrx_word' id='word_1_126' title='bbox 708 2784 788 2897; x_wconf 87' lang='lat' dir='ltr'>inc</span> <span class='ocrx_word' id='word_1_127' title='bbox 814 2775 909 2877; x_wconf 76' lang='lat' dir='ltr'>‘tus</span> <span class='ocrx_word' id='word_1_128' title='bbox 933 2783 1053 2891; x_wconf 89' lang='lat' dir='ltr'>d&#39;olo</span> <span class='ocrx_word' id='word_1_129' title='bbox 1078 2788 1338 2893; x_wconf 85' lang='lat' dir='ltr'>toxicatur.</span> 
     </span>
     <span class='ocr_line' id='line_1_21' title="bbox 265 2899 1537 3033; baseline 0 -34"><span class='ocrx_word' id='word_1_130' title='bbox 265 2900 450 2999; x_wconf 88' lang='lat' dir='ltr'>Natum</span> <span class='ocrx_word' id='word_1_131' title='bbox 473 2912 653 3027; x_wconf 90' lang='lat' dir='ltr'>petunt</span> <span class='ocrx_word' id='word_1_132' title='bbox 674 2900 926 3026; x_wconf 87' lang='lat' dir='ltr'>principes</span> <span class='ocrx_word' id='word_1_133' title='bbox 948 2899 1031 2997; x_wconf 89' lang='lat' dir='ltr'>sed</span> <span class='ocrx_word' id='word_1_134' title='bbox 1064 2902 1146 2997; x_wconf 84' lang='lat' dir='ltr'>his</span> <span class='ocrx_word' id='word_1_135' title='bbox 1166 2902 1458 3033; x_wconf 79' lang='lat' dir='ltr'>denegatur.</span> <span class='ocrx_word' id='word_1_136' title='bbox 1534 2922 1537 2929; x_wconf 84' lang='grc'><strong><em>’</em></strong></span> 
     </span>
    </p>

    <p class='ocr_par' dir='ltr' id='par_1_12' title="bbox 135 3012 1767 3380">
     <span class='ocr_line' id='line_1_22' title="bbox 135 3012 1756 3134; baseline 0.001 -21"><span class='ocrx_word' id='word_1_137' title='bbox 135 3076 143 3086; x_wconf 90' lang='grc'>-</span> <span class='ocrx_word' id='word_1_138' title='bbox 265 3016 495 3120; x_wconf 86' lang='lat' dir='ltr'>Tandem</span> <span class='ocrx_word' id='word_1_139' title='bbox 516 3021 567 3113; x_wconf 94' lang='lat' dir='ltr'>in</span> <span class='ocrx_word' id='word_1_140' title='bbox 591 3012 833 3111; x_wconf 85' lang='lat' dir='ltr'>discordia</span> <span class='ocrx_word' id='word_1_141' title='bbox 854 3014 953 3114; x_wconf 93' lang='lat' dir='ltr'>duo</span> <span class='ocrx_word' id='word_1_142' title='bbox 979 3019 1046 3115; x_wconf 89' lang='lat' dir='ltr'>eli</span> <span class='ocrx_word' id='word_1_143' title='bbox 1078 3034 1240 3134; x_wconf 78' lang='lat' dir='ltr'>untur.</span> <span class='ocrx_word' id='word_1_144' title='bbox 1325 3096 1329 3107; x_wconf 93' lang='lat'>.</span> <span class='ocrx_word' id='word_1_145' title='bbox 1753 3086 1756 3093; x_wconf 82' lang='lat'><em>·</em></span> 
     </span>
     <span class='ocr_line' id='line_1_23' title="bbox 268 3048 1767 3271; baseline 0.003 -38"><span class='ocrx_word' id='word_1_146' title='bbox 268 3139 394 3234; x_wconf 93' lang='lat' dir='ltr'>Otto</span> <span class='ocrx_word' id='word_1_147' title='bbox 418 3132 518 3229; x_wconf 88' lang='lat' dir='ltr'>dux</span> <span class='ocrx_word' id='word_1_148' title='bbox 539 3136 603 3230; x_wconf 91' lang='lat' dir='ltr'>de</span> <span class='ocrx_word' id='word_1_149' title='bbox 626 3131 936 3271; x_wconf 74' lang='lat' dir='ltr'>broryn&#39;wich</span> <span class='ocrx_word' id='word_1_150' title='bbox 955 3048 1115 3263; x_wconf 57' lang='lat' dir='ltr'>phidip</span> <span class='ocrx_word' id='word_1_151' title='bbox 1152 3168 1211 3233; x_wconf 42' lang='lat' dir='ltr'>usw</span> <span class='ocrx_word' id='word_1_152' title='bbox 1233 3135 1495 3265; x_wconf 85' lang='lat' dir='ltr'>dicuntur.</span> <span class='ocrx_word' id='word_1_153' title='bbox 1566 3242 1585 3271; x_wconf 20' lang='grc' dir='ltr'>,Ι</span> <span class='ocrx_word' id='word_1_154' title='bbox 1764 3154 1767 3163; x_wconf 85' lang='grc'><strong>’</strong></span> 
     </span>
     <span class='ocr_line' id='line_1_24' title="bbox 264 3249 1345 3380; baseline -0.002 -27"><span class='ocrx_word' id='word_1_155' title='bbox 264 3252 431 3353; x_wconf 90' lang='lat' dir='ltr'>Ambo</span> <span class='ocrx_word' id='word_1_156' title='bbox 457 3253 576 3348; x_wconf 88' lang='lat' dir='ltr'>clari</span> <span class='ocrx_word' id='word_1_157' title='bbox 595 3279 846 3380; x_wconf 86' lang='lat' dir='ltr'>pnncrpes</span> <span class='ocrx_word' id='word_1_158' title='bbox 868 3249 953 3345; x_wconf 90' lang='lat' dir='ltr'>sed</span> <span class='ocrx_word' id='word_1_159' title='bbox 971 3254 1100 3349; x_wconf 84' lang='lat' dir='ltr'>inter</span> <span class='ocrx_word' id='word_1_160' title='bbox 1123 3270 1345 3352; x_wconf 91' lang='lat' dir='ltr'>ocuntur.</span> 
     </span>
    </p>

    <p class='ocr_par' dir='ltr' id='par_1_13' title="bbox 258 3369 1619 3729">
     <span class='ocr_line' id='line_1_25' title="bbox 258 3369 1619 3499; baseline 0.003 -33"><span class='ocrx_word' id='word_1_161' title='bbox 258 3372 467 3467; x_wconf 81' lang='lat' dir='ltr'>‘Fratres</span> <span class='ocrx_word' id='word_1_162' title='bbox 488 3400 598 3465; x_wconf 90' lang='lat' dir='ltr'>curn</span> <span class='ocrx_word' id='word_1_163' title='bbox 620 3369 924 3464; x_wconf 88' lang='lat' dir='ltr'>Innocencio</span> <span class='ocrx_word' id='word_1_164' title='bbox 948 3372 1113 3466; x_wconf 84' lang='lat' dir='ltr'>ottoni</span> <span class='ocrx_word' id='word_1_165' title='bbox 1135 3370 1417 3499; x_wconf 82' lang='lat' dir='ltr'>iunguntur.</span> <span class='ocrx_word' id='word_1_166' title='bbox 1606 3418 1619 3433; x_wconf 60' lang='grc'><strong>’</strong></span> 
     </span>
     <span class='ocr_line' id='line_1_26' title="bbox 267 3483 1558 3611; baseline 0.002 -29"><span class='ocrx_word' id='word_1_167' title='bbox 267 3489 403 3582; x_wconf 91' lang='lat' dir='ltr'>Duci</span> <span class='ocrx_word' id='word_1_168' title='bbox 423 3484 486 3581; x_wconf 89' lang='lat' dir='ltr'>de</span> <span class='ocrx_word' id='word_1_169' title='bbox 507 3484 740 3611; x_wconf 81' lang='lat' dir='ltr'>Zeringie</span> <span class='ocrx_word' id='word_1_170' title='bbox 762 3483 929 3580; x_wconf 89' lang='lat' dir='ltr'>littere</span> <span class='ocrx_word' id='word_1_171' title='bbox 954 3486 1239 3583; x_wconf 90' lang='lat' dir='ltr'>scribuntur.</span> <span class='ocrx_word' id='word_1_172' title='bbox 1554 3507 1558 3513; x_wconf 85' lang='grc'><strong>’</strong></span> 
     </span>
     <span class='ocr_line' id='line_1_27' title="bbox 268 3599 1348 3729; baseline 0 -29"><span class='ocrx_word' id='word_1_173' title='bbox 268 3604 465 3729; x_wconf 84' lang='lat' dir='ltr'>Scripta</span> <span class='ocrx_word' id='word_1_174' title='bbox 485 3599 819 3699; x_wconf 87' lang='lat' dir='ltr'>decretalibus</span> <span class='ocrx_word' id='word_1_175' title='bbox 842 3600 925 3697; x_wconf 88' lang='lat' dir='ltr'>sed</span> <span class='ocrx_word' id='word_1_176' title='bbox 948 3602 1085 3699; x_wconf 87' lang='lat' dir='ltr'>bene</span> <span class='ocrx_word' id='word_1_177' title='bbox 1102 3605 1150 3699; x_wconf 92' lang='lat' dir='ltr'>le</span> <span class='ocrx_word' id='word_1_178' title='bbox 1221 3620 1348 3701; x_wconf 90' lang='lat' dir='ltr'>ntur.</span> 
     </span>
    </p>

    <p class='ocr_par' dir='ltr' id='par_1_14' title="bbox 269 3717 1655 4193">
     <span class='ocr_line' id='line_1_28' title="bbox 269 3717 1628 3847; baseline -0.001 -31"><span class='ocrx_word' id='word_1_179' title='bbox 269 3722 460 3816; x_wconf 90' lang='lat' dir='ltr'>Horum</span> <span class='ocrx_word' id='word_1_180' title='bbox 485 3719 594 3821; x_wconf 82' lang='lat' dir='ltr'>casu</span> <span class='ocrx_word' id='word_1_181' title='bbox 617 3720 684 3815; x_wconf 85' lang='lat' dir='ltr'>srn</span> <span class='ocrx_word' id='word_1_182' title='bbox 750 3717 953 3817; x_wconf 86' lang='lat' dir='ltr'>labene</span> <span class='ocrx_word' id='word_1_183' title='bbox 972 3750 1164 3847; x_wconf 85' lang='lat' dir='ltr'>perpen</span> <span class='ocrx_word' id='word_1_184' title='bbox 1201 3734 1363 3818; x_wconf 89' lang='lat' dir='ltr'>untur.</span> <span class='ocrx_word' id='word_1_185' title='bbox 1622 3797 1628 3815; x_wconf 91' lang='lat'>.</span> 
     </span>
     <span class='ocr_line' id='line_1_29' title="bbox 271 3834 1655 3965; baseline 0.004 -32"><span class='ocrx_word' id='word_1_186' title='bbox 271 3838 399 3933; x_wconf 92' lang='lat' dir='ltr'>Otto</span> <span class='ocrx_word' id='word_1_187' title='bbox 418 3834 576 3933; x_wconf 84' lang='lat' dir='ltr'>fidens</span> <span class='ocrx_word' id='word_1_188' title='bbox 601 3839 696 3932; x_wconf 89' lang='lat' dir='ltr'>uiri</span> <span class='ocrx_word' id='word_1_189' title='bbox 732 3863 790 3927; x_wconf 88' lang='lat' dir='ltr'>us</span> <span class='ocrx_word' id='word_1_190' title='bbox 814 3834 898 3930; x_wconf 90' lang='lat' dir='ltr'>leo</span> <span class='ocrx_word' id='word_1_191' title='bbox 922 3836 1243 3965; x_wconf 76' lang='lat' dir='ltr'>consignatur.</span> <span class='ocrx_word' id='word_1_192' title='bbox 1653 3930 1655 3939; x_wconf 91' lang='lat'>.</span> 
     </span>
     <span class='ocr_line' id='line_1_30' title="bbox 269 3952 1567 4081; baseline 0.002 -34"><span class='ocrx_word' id='word_1_193' title='bbox 269 3954 467 4081; x_wconf 84' lang='lat' dir='ltr'>Dignus</span> <span class='ocrx_word' id='word_1_194' title='bbox 479 3970 532 4050; x_wconf 89' lang='lat' dir='ltr'>et</span> <span class='ocrx_word' id='word_1_195' title='bbox 552 3954 764 4081; x_wconf 87' lang='lat' dir='ltr'>imperio</span> <span class='ocrx_word' id='word_1_196' title='bbox 786 3952 880 4046; x_wconf 86' lang='lat' dir='ltr'>rite</span> <span class='ocrx_word' id='word_1_197' title='bbox 904 3968 1182 4050; x_wconf 88' lang='lat' dir='ltr'>coronatur.</span> <span class='ocrx_word' id='word_1_198' title='bbox 1427 3974 1459 3985; x_wconf 87' lang='grc'>”</span> <span class='ocrx_word' id='word_1_199' title='bbox 1562 3972 1567 3987; x_wconf 86' lang='grc'><strong>’</strong></span> 
     </span>
     <span class='ocr_line' id='line_1_31' title="bbox 270 4066 1237 4193; baseline 0.004 -28"><span class='ocrx_word' id='word_1_200' title='bbox 270 4068 579 4166; x_wconf 87' lang='lat' dir='ltr'>Ferrinando</span> <span class='ocrx_word' id='word_1_201' title='bbox 601 4069 771 4169; x_wconf 84' lang='lat' dir='ltr'>comiti</span> <span class='ocrx_word' id='word_1_202' title='bbox 788 4066 993 4168; x_wconf 85' lang='lat' dir='ltr'>flandrie</span> <span class='ocrx_word' id='word_1_203' title='bbox 1014 4072 1237 4193; x_wconf 81' lang='lat' dir='ltr'>sociatur.</span> 
     </span>
    </p>

    <p class='ocr_par' dir='ltr' id='par_1_15' title="bbox 268 4185 1262 4317">
     <span class='ocr_line' id='line_1_32' title="bbox 268 4185 1262 4317; baseline 0.002 -34"><span class='ocrx_word' id='word_1_204' title='bbox 268 4185 457 4284; x_wconf 84' lang='lat' dir='ltr'>Contra</span> <span class='ocrx_word' id='word_1_205' title='bbox 478 4218 648 4317; x_wconf 88' lang='lat' dir='ltr'>regem</span> <span class='ocrx_word' id='word_1_206' title='bbox 668 4185 857 4283; x_wconf 82' lang='lat' dir='ltr'>francie</span> <span class='ocrx_word' id='word_1_207' title='bbox 882 4202 933 4282; x_wconf 88' lang='lat' dir='ltr'>et</span> <span class='ocrx_word' id='word_1_208' title='bbox 959 4186 1262 4315; x_wconf 74' lang='lat' dir='ltr'>infatuatur.</span> 
     </span>
    </p>
   </div>
   <div class='ocr_carea' id='block_1_4' title="bbox 266 4276 1735 4959">
    <p class='ocr_par' dir='ltr' id='par_1_16' title="bbox 266 4276 1735 4959">
     <span class='ocr_line' id='line_1_33' title="bbox 333 4276 1726 4479; baseline 0.006 -37"><span class='ocrx_word' id='word_1_209' title='bbox 333 4392 339 4407; x_wconf 57' lang='lat'><strong><em>¹</em></strong></span> <span class='ocrx_word' id='word_1_210' title='bbox 393 4345 558 4443; x_wconf 84' lang='lat' dir='ltr'>Rubr.</span> <span class='ocrx_word' id='word_1_211' title='bbox 585 4348 685 4445; x_wconf 85' lang='lat' dir='ltr'>Hic</span> <span class='ocrx_word' id='word_1_212' title='bbox 699 4344 903 4475; x_wconf 73' lang='lat' dir='ltr'>¹sugatur</span> <span class='ocrx_word' id='word_1_213' title='bbox 921 4379 1013 4476; x_wconf 92' lang='lat' dir='ltr'>per</span> <span class='ocrx_word' id='word_1_214' title='bbox 1036 4379 1205 4479; x_wconf 80' lang='lat' dir='ltr'>regem</span> <span class='ocrx_word' id='word_1_215' title='bbox 1226 4346 1426 4448; x_wconf 83' lang='lat' dir='ltr'>francie.</span> <span class='ocrx_word' id='word_1_216' title='bbox 1458 4312 1602 4457; x_wconf 82' lang='lat' dir='ltr'>Otto.</span> <span class='ocrx_word' id='word_1_217' title='bbox 1722 4276 1726 4283; x_wconf 90' lang='lat'>·</span> 
     </span>
     <span class='ocr_line' id='line_1_34' title="bbox 266 4498 1513 4635; baseline 0.006 -35"><span class='ocrx_word' id='word_1_218' title='bbox 266 4498 270 4514; x_wconf 87' lang='lat'>&#39;</span> <span class='ocrx_word' id='word_1_219' title='bbox 387 4503 489 4602; x_wconf 87' lang='lat' dir='ltr'>Per</span> <span class='ocrx_word' id='word_1_220' title='bbox 508 4506 640 4602; x_wconf 89' lang='lat' dir='ltr'>hunc</span> <span class='ocrx_word' id='word_1_221' title='bbox 664 4508 722 4603; x_wconf 78' lang='lat' dir='ltr'>sic</span> <span class='ocrx_word' id='word_1_222' title='bbox 743 4507 1064 4606; x_wconf 87' lang='lat' dir='ltr'>theutunicus</span> <span class='ocrx_word' id='word_1_223' title='bbox 1084 4508 1250 4635; x_wconf 90' lang='lat' dir='ltr'>pudor</span> <span class='ocrx_word' id='word_1_224' title='bbox 1273 4506 1513 4609; x_wconf 82' lang='lat' dir='ltr'>denintur.</span> 
     </span>
     <span class='ocr_line' id='line_1_35' title="bbox 272 4618 1368 4754; baseline 0.008 -39"><span class='ocrx_word' id='word_1_225' title='bbox 272 4618 488 4751; x_wconf 65' lang='lat' dir='ltr'>Magnus</span> <span class='ocrx_word' id='word_1_226' title='bbox 509 4622 652 4720; x_wconf 87' lang='lat' dir='ltr'>fortis</span> <span class='ocrx_word' id='word_1_227' title='bbox 676 4624 876 4721; x_wconf 85' lang='lat' dir='ltr'>stolidus</span> <span class='ocrx_word' id='word_1_228' title='bbox 903 4628 1088 4754; x_wconf 85' lang='lat' dir='ltr'>campis</span> <span class='ocrx_word' id='word_1_229' title='bbox 1114 4625 1209 4721; x_wconf 83' lang='lat' dir='ltr'>essu</span> <span class='ocrx_word' id='word_1_230' title='bbox 1273 4640 1368 4725; x_wconf 88' lang='lat' dir='ltr'>tur.</span> 
     </span>
     <span class='ocr_line' id='line_1_36' title="bbox 270 4736 1735 4959; baseline 0.012 -124"><span class='ocrx_word' id='word_1_231' title='bbox 270 4736 313 4835; x_wconf 85' lang='lat' dir='ltr'><strong>F</strong></span> <span class='ocrx_word' id='word_1_232' title='bbox 315 4740 604 4841; x_wconf 82' lang='lat' dir='ltr'>errinandus</span> <span class='ocrx_word' id='word_1_233' title='bbox 626 4739 835 4840; x_wconf 84' lang='lat' dir='ltr'>flandrie</span> <span class='ocrx_word' id='word_1_234' title='bbox 863 4746 1166 4959; x_wconf 48' lang='lat' dir='ltr'>comgsguinc</span> <span class='ocrx_word' id='word_1_235' title='bbox 1221 4758 1344 4947; x_wconf 68' lang='lat' dir='ltr'>attin</span> <span class='ocrx_word' id='word_1_236' title='bbox 1484 4762 1486 4767; x_wconf 83' lang='grc'><strong>’</strong></span> <span class='ocrx_word' id='word_1_237' title='bbox 1585 4930 1604 4949; x_wconf 16' lang='grc' dir='ltr'>ΙΙ</span> <span class='ocrx_word' id='word_1_238' title='bbox 1626 4858 1735 4959; x_wconf 28' lang='lat' dir='ltr'>Pro.</span> 
     </span>
    </p>
   </div>
   <div class='ocr_carea' id='block_1_5' title="bbox 0 0 2392 6067">
    <p class='ocr_par' dir='ltr' id='par_1_17' title="bbox 0 0 2392 6067">
     <span class='ocr_line' id='line_1_37' title="bbox 0 0 2392 6067; baseline 0 0"><span class='ocrx_word' id='word_1_239' title='bbox 0 0 2392 6067; x_wconf 95' lang='lat' dir='ltr'> </span> 
     </span>
    </p>
   </div>
  </div>
 </body>
</html>
