<?xml version="1.0" encoding="UTF-8"?>
<!DOCTYPE html PUBLIC "-//W3C//DTD XHTML 1.0 Transitional//EN"
    "http://www.w3.org/TR/xhtml1/DTD/xhtml1-transitional.dtd">
<html xmlns="http://www.w3.org/1999/xhtml" xml:lang="en" lang="en">
 <head>
  <title>
</title>
<meta http-equiv="Content-Type" content="text/html;charset=utf-8" />
  <meta name='ocr-system' content='tesseract 3.04.00' />
  <meta name='ocr-capabilities' content='ocr_page ocr_carea ocr_par ocr_line ocrx_word'/>
</head>
<body>
  <div class='ocr_page' id='page_1' title='image "./rerumavstriacar02raucgoog_0154.png"; bbox 0 0 4742 6067; ppageno 0'>
   <div class='ocr_carea' id='block_1_1' title="bbox 454 392 1471 571">
    <p class='ocr_par' dir='ltr' id='par_1_1' title="bbox 454 392 1471 571">
     <span class='ocr_line' id='line_1_1' title="bbox 454 392 1471 571; baseline 0.021 -44"><span class='ocrx_word' id='word_1_1' title='bbox 454 515 461 527; x_wconf 85' lang='lat'><strong>.</strong></span> <span class='ocrx_word' id='word_1_2' title='bbox 536 460 540 467; x_wconf 94' lang='lat'>·</span> <span class='ocrx_word' id='word_1_3' title='bbox 663 450 1070 540; x_wconf 82' lang='lat' dir='ltr'><strong>cnaorncon</strong></span> <span class='ocrx_word' id='word_1_4' title='bbox 1102 392 1428 547; x_wconf 77' lang='lat' dir='ltr'><strong>‘narrum</strong></span> <span class='ocrx_word' id='word_1_5' title='bbox 1470 566 1471 571; x_wconf 37' lang='lat'><strong>.</strong></span> 
     </span>
    </p>
   </div>
   <div class='ocr_carea' id='block_1_2' title="bbox 407 718 1378 903">
    <p class='ocr_par' dir='ltr' id='par_1_2' title="bbox 407 718 1378 903">
     <span class='ocr_line' id='line_1_2' title="bbox 407 718 1378 903; baseline 0.018 -37"><span class='ocrx_word' id='word_1_6' title='bbox 407 718 609 877; x_wconf 85' lang='lat' dir='ltr'><strong>Nocte</strong></span> <span class='ocrx_word' id='word_1_7' title='bbox 632 779 796 877; x_wconf 86' lang='lat' dir='ltr'><strong>sancta</strong></span> <span class='ocrx_word' id='word_1_8' title='bbox 817 778 1103 903; x_wconf 88' lang='lat' dir='ltr'><strong>subijthora</strong></span> <span class='ocrx_word' id='word_1_9' title='bbox 1125 786 1378 883; x_wconf 84' lang='lat' dir='ltr'><strong>matutina.</strong></span> 
     </span>
    </p>
   </div>
   <div class='ocr_carea' id='block_1_3' title="bbox 158 897 1399 1027">
    <p class='ocr_par' dir='ltr' id='par_1_3' title="bbox 158 897 1399 1027">
     <span class='ocr_line' id='line_1_3' title="bbox 158 897 1399 1027; baseline 0.006 -34"><span class='ocrx_word' id='word_1_10' title='bbox 158 966 162 973; x_wconf 87' lang='lat'><strong>.</strong></span> <span class='ocrx_word' id='word_1_11' title='bbox 309 897 402 997; x_wconf 89' lang='lat' dir='ltr'><strong>Ma</strong></span> <span class='ocrx_word' id='word_1_12' title='bbox 407 898 578 1027; x_wconf 87' lang='lat' dir='ltr'><strong>golum</strong></span> <span class='ocrx_word' id='word_1_13' title='bbox 603 928 713 994; x_wconf 90' lang='lat' dir='ltr'><strong>cum</strong></span> <span class='ocrx_word' id='word_1_14' title='bbox 735 913 946 1024; x_wconf 89' lang='lat' dir='ltr'><strong>quatuor</strong></span> <span class='ocrx_word' id='word_1_15' title='bbox 966 900 1129 1025; x_wconf 85' lang='lat' dir='ltr'>gracia</span> <span class='ocrx_word' id='word_1_16' title='bbox 1148 897 1330 999; x_wconf 91' lang='lat' dir='ltr'><strong>diuina.</strong></span> <span class='ocrx_word' id='word_1_17' title='bbox 1362 977 1364 982; x_wconf 75' lang='lat'><em>·</em></span> <span class='ocrx_word' id='word_1_18' title='bbox 1398 984 1399 987; x_wconf 8' lang='grc' dir='ltr'><strong><em>κ</em></strong></span> 
     </span>
    </p>
   </div>
   <div class='ocr_carea' id='block_1_4' title="bbox 308 1014 1379 1228">
    <p class='ocr_par' dir='ltr' id='par_1_4' title="bbox 308 1014 1379 1228">
     <span class='ocr_line' id='line_1_4' title="bbox 308 1014 1379 1228; baseline 0.001 -115"><span class='ocrx_word' id='word_1_19' title='bbox 308 1019 571 1113; x_wconf 89' lang='lat' dir='ltr'><strong>Protectus</strong></span> <span class='ocrx_word' id='word_1_20' title='bbox 596 1014 842 1110; x_wconf 87' lang='lat' dir='ltr'><strong>nubecula</strong></span> <span class='ocrx_word' id='word_1_21' title='bbox 864 1045 991 1111; x_wconf 91' lang='lat' dir='ltr'><strong>uoce</strong></span> <span class='ocrx_word' id='word_1_22' title='bbox 1017 1020 1292 1228; x_wconf 87' lang='lat' dir='ltr'><strong>repentina.</strong></span> <span class='ocrx_word' id='word_1_23' title='bbox 1368 1104 1379 1113; x_wconf 88' lang='lat'><strong>.</strong></span> 
     </span>
    </p>
   </div>
   <div class='ocr_carea' id='block_1_5' title="bbox 144 1134 1373 1239">
    <p class='ocr_par' dir='ltr' id='par_1_5' title="bbox 144 1134 1373 1239">
     <span class='ocr_line' id='line_1_5' title="bbox 144 1134 1373 1239; baseline 0.001 -2"><span class='ocrx_word' id='word_1_24' title='bbox 144 1233 148 1237; x_wconf 84' lang='grc'><em>,</em></span> <span class='ocrx_word' id='word_1_25' title='bbox 310 1134 568 1231; x_wconf 87' lang='lat' dir='ltr'><strong>Lectionis</strong></span> <span class='ocrx_word' id='word_1_26' title='bbox 589 1134 802 1228; x_wconf 88' lang='lat' dir='ltr'><strong>termino</strong></span> <span class='ocrx_word' id='word_1_27' title='bbox 824 1148 991 1228; x_wconf 88' lang='lat' dir='ltr'><strong>mente</strong></span> <span class='ocrx_word' id='word_1_28' title='bbox 1018 1164 1077 1229; x_wconf 90' lang='lat' dir='ltr'><strong>co</strong></span> <span class='ocrx_word' id='word_1_29' title='bbox 1100 1136 1314 1233; x_wconf 89' lang='lat' dir='ltr'><strong>umbina.</strong></span> <span class='ocrx_word' id='word_1_30' title='bbox 1369 1224 1373 1239; x_wconf 63' lang='lat'><strong>.</strong></span> 
     </span>
    </p>
   </div>
   <div class='ocr_carea' id='block_1_6' title="bbox 308 1247 1387 1380">
    <p class='ocr_par' dir='ltr' id='par_1_6' title="bbox 308 1247 1387 1380">
     <span class='ocr_line' id='line_1_6' title="bbox 308 1247 1387 1380; baseline 0.002 -33"><span class='ocrx_word' id='word_1_31' title='bbox 308 1253 441 1347; x_wconf 89' lang='lat' dir='ltr'><strong>Ecce</strong></span> <span class='ocrx_word' id='word_1_32' title='bbox 463 1247 689 1346; x_wconf 84' lang='lat' dir='ltr'><strong>sacerdos</strong></span> <span class='ocrx_word' id='word_1_33' title='bbox 714 1252 927 1377; x_wconf 90' lang='lat' dir='ltr'><strong>precinit</strong></span> <span class='ocrx_word' id='word_1_34' title='bbox 946 1282 1072 1375; x_wconf 92' lang='lat' dir='ltr'><strong>puer</strong></span> <span class='ocrx_word' id='word_1_35' title='bbox 1092 1255 1387 1380; x_wconf 84' lang='lat' dir='ltr'><strong>increpatur.</strong></span> 
     </span>
    </p>
   </div>
   <div class='ocr_carea' id='block_1_7' title="bbox 152 1365 1247 1485">
    <p class='ocr_par' dir='ltr' id='par_1_7' title="bbox 152 1365 1247 1485">
     <span class='ocr_line' id='line_1_7' title="bbox 152 1365 1247 1485; baseline -0.002 -18"><span class='ocrx_word' id='word_1_36' title='bbox 152 1482 155 1485; x_wconf 65' lang='lat'><em>,</em></span> <span class='ocrx_word' id='word_1_37' title='bbox 308 1371 375 1466; x_wconf 83' lang='lat' dir='ltr'><strong>Et</strong></span> <span class='ocrx_word' id='word_1_38' title='bbox 397 1365 514 1462; x_wconf 92' lang='lat' dir='ltr'><strong>dum</strong></span> <span class='ocrx_word' id='word_1_39' title='bbox 536 1366 693 1462; x_wconf 86' lang='lat' dir='ltr'><strong>uellet</strong></span> <span class='ocrx_word' id='word_1_40' title='bbox 716 1366 853 1462; x_wconf 91' lang='lat' dir='ltr'><strong>aliud</strong></span> <span class='ocrx_word' id='word_1_41' title='bbox 873 1365 1006 1462; x_wconf 91' lang='lat' dir='ltr'><strong>idem</strong></span> <span class='ocrx_word' id='word_1_42' title='bbox 1031 1371 1247 1465; x_wconf 84' lang='lat' dir='ltr'><strong>iteratur.</strong></span> 
     </span>
    </p>
   </div>
   <div class='ocr_carea' id='block_1_8' title="bbox 1696 486 1783 576">
    <p class='ocr_par' dir='ltr' id='par_1_8' title="bbox 1696 486 1783 576">
     <span class='ocr_line' id='line_1_8' title="bbox 1696 486 1783 576; baseline 0.057 -5"><span class='ocrx_word' id='word_1_43' title='bbox 1696 486 1783 576; x_wconf 72' lang='lat'><strong>¹5³¹</strong></span> 
     </span>
    </p>
   </div>
   <div class='ocr_carea' id='block_1_9' title="bbox 308 1466 1644 1631">
    <p class='ocr_par' dir='ltr' id='par_1_9' title="bbox 308 1466 1644 1631">
     <span class='ocr_line' id='line_1_9' title="bbox 308 1466 1644 1631; baseline -0.082 -47"><span class='ocrx_word' id='word_1_44' title='bbox 308 1488 556 1612; x_wconf 75' lang='lat' dir='ltr'><strong>insperate</strong></span> <span class='ocrx_word' id='word_1_45' title='bbox 580 1488 851 1580; x_wconf 85' lang='lat' dir='ltr'><strong>concinunt</strong></span> <span class='ocrx_word' id='word_1_46' title='bbox 875 1484 1075 1631; x_wconf 70' lang='lat' dir='ltr'><strong>quisque</strong></span> <span class='ocrx_word' id='word_1_47' title='bbox 1097 1485 1372 1613; x_wconf 66' lang='lat' dir='ltr'><strong>suspicatur,</strong></span> <span class='ocrx_word' id='word_1_48' title='bbox 1534 1490 1564 1525; x_wconf 34' lang='grc' dir='ltr'><strong>Ι,</strong></span> <span class='ocrx_word' id='word_1_49' title='bbox 1642 1466 1644 1475; x_wconf 87' lang='grc'><em>,</em></span> 
     </span>
    </p>
   </div>
   <div class='ocr_carea' id='block_1_10' title="bbox 301 1601 1503 2518">
    <p class='ocr_par' dir='ltr' id='par_1_10' title="bbox 306 1601 1503 1933">
     <span class='ocr_line' id='line_1_10' title="bbox 307 1601 1372 1730; baseline -0.001 -30"><span class='ocrx_word' id='word_1_50' title='bbox 307 1604 451 1728; x_wconf 91' lang='lat' dir='ltr'><strong>Papa</strong></span> <span class='ocrx_word' id='word_1_51' title='bbox 475 1632 567 1727; x_wconf 88' lang='lat' dir='ltr'><strong>cap</strong></span> <span class='ocrx_word' id='word_1_52' title='bbox 606 1632 634 1695; x_wconf 90' lang='lat' dir='ltr'><strong>a</strong></span> <span class='ocrx_word' id='word_1_53' title='bbox 657 1601 812 1696; x_wconf 89' lang='lat' dir='ltr'><strong>rubea</strong></span> <span class='ocrx_word' id='word_1_54' title='bbox 831 1602 1113 1730; x_wconf 85' lang='lat' dir='ltr'><strong>responsum</strong></span> <span class='ocrx_word' id='word_1_55' title='bbox 1133 1619 1372 1700; x_wconf 92' lang='lat' dir='ltr'><strong>cantatur.</strong></span> 
     </span>
     <span class='ocr_line' id='line_1_11' title="bbox 307 1718 1503 1819; baseline 0.002 -2"><span class='ocrx_word' id='word_1_56' title='bbox 307 1722 439 1818; x_wconf 91' lang='lat' dir='ltr'><strong>Puer</strong></span> <span class='ocrx_word' id='word_1_57' title='bbox 458 1748 547 1813; x_wconf 90' lang='lat' dir='ltr'><strong>uer</strong></span> <span class='ocrx_word' id='word_1_58' title='bbox 569 1750 650 1812; x_wconf 93' lang='lat' dir='ltr'><strong>um</strong></span> <span class='ocrx_word' id='word_1_59' title='bbox 671 1721 892 1815; x_wconf 85' lang='lat' dir='ltr'><strong>concinit</strong></span> <span class='ocrx_word' id='word_1_60' title='bbox 911 1718 1091 1814; x_wconf 88' lang='lat' dir='ltr'><strong>nolens</strong></span> <span class='ocrx_word' id='word_1_61' title='bbox 1116 1721 1408 1819; x_wconf 90' lang='lat' dir='ltr'><strong>consolatur.</strong></span> <span class='ocrx_word' id='word_1_62' title='bbox 1490 1778 1503 1795; x_wconf 54' lang='lat'>2</span> 
     </span>
     <span class='ocr_line' id='line_1_12' title="bbox 306 1834 1280 1933; baseline 0.001 -1"><span class='ocrx_word' id='word_1_63' title='bbox 306 1838 500 1933; x_wconf 89' lang='lat' dir='ltr'><strong>Chorus</strong></span> <span class='ocrx_word' id='word_1_64' title='bbox 521 1838 811 1931; x_wconf 88' lang='lat' dir='ltr'><strong>reuerencia</strong></span> <span class='ocrx_word' id='word_1_65' title='bbox 833 1834 882 1931; x_wconf 90' lang='lat' dir='ltr'><strong>di</strong></span> <span class='ocrx_word' id='word_1_66' title='bbox 918 1866 980 1929; x_wconf 89' lang='lat' dir='ltr'><strong>ne</strong></span> <span class='ocrx_word' id='word_1_67' title='bbox 1003 1851 1280 1933; x_wconf 87' lang='lat' dir='ltr'><strong>ueneratur.</strong></span> 
     </span>
    </p>

    <p class='ocr_par' dir='ltr' id='par_1_11' title="bbox 304 1869 1289 2079">
     <span class='ocr_line' id='line_1_13' title="bbox 304 1869 1289 2079; baseline 0.001 -29"><span class='ocrx_word' id='word_1_68' title='bbox 304 1954 493 2079; x_wconf 89' lang='lat' dir='ltr'><strong>Papam</strong></span> <span class='ocrx_word' id='word_1_69' title='bbox 514 1954 599 2078; x_wconf 92' lang='lat' dir='ltr'><strong>qui</strong></span> <span class='ocrx_word' id='word_1_70' title='bbox 619 1954 682 2047; x_wconf 93' lang='lat' dir='ltr'><strong>ab</strong></span> <span class='ocrx_word' id='word_1_71' title='bbox 706 1955 855 2050; x_wconf 92' lang='lat' dir='ltr'><strong>unico</strong></span> <span class='ocrx_word' id='word_1_72' title='bbox 878 1869 1060 2049; x_wconf 65' lang='lat' dir='ltr'><strong>oglerico</strong></span> <span class='ocrx_word' id='word_1_73' title='bbox 1081 1954 1289 2051; x_wconf 92' lang='lat' dir='ltr'><strong>iuuatur.</strong></span> 
     </span>
    </p>

    <p class='ocr_par' dir='ltr' id='par_1_12' title="bbox 304 2070 1238 2168">
     <span class='ocr_line' id='line_1_14' title="bbox 304 2070 1238 2168; baseline -0.001 0"><span class='ocrx_word' id='word_1_74' title='bbox 304 2070 355 2168; x_wconf 94' lang='lat' dir='ltr'>N</span> <span class='ocrx_word' id='word_1_75' title='bbox 356 2102 414 2166; x_wconf 88' lang='lat' dir='ltr'><strong>ec</strong></span> <span class='ocrx_word' id='word_1_76' title='bbox 437 2101 543 2166; x_wconf 92' lang='lat' dir='ltr'><strong>non</strong></span> <span class='ocrx_word' id='word_1_77' title='bbox 566 2073 833 2166; x_wconf 86' lang='lat' dir='ltr'><strong>camerario</strong></span> <span class='ocrx_word' id='word_1_78' title='bbox 857 2074 962 2167; x_wconf 93' lang='lat' dir='ltr'><strong>solo</strong></span> <span class='ocrx_word' id='word_1_79' title='bbox 990 2071 1238 2167; x_wconf 71' lang='lat' dir='ltr'><strong>sociatur..</strong></span> 
     </span>
    </p>

    <p class='ocr_par' dir='ltr' id='par_1_13' title="bbox 303 2186 1272 2287">
     <span class='ocr_line' id='line_1_15' title="bbox 303 2186 1272 2287; baseline 0.001 -2"><span class='ocrx_word' id='word_1_80' title='bbox 303 2188 422 2285; x_wconf 91' lang='lat' dir='ltr'><strong>Due</strong></span> <span class='ocrx_word' id='word_1_81' title='bbox 444 2202 595 2283; x_wconf 89' lang='lat' dir='ltr'><strong>naute</strong></span> <span class='ocrx_word' id='word_1_82' title='bbox 620 2186 811 2282; x_wconf 88' lang='lat' dir='ltr'><strong>faciunt</strong></span> <span class='ocrx_word' id='word_1_83' title='bbox 834 2190 978 2284; x_wconf 89' lang='lat' dir='ltr'><strong>turba</strong></span> <span class='ocrx_word' id='word_1_84' title='bbox 999 2191 1272 2287; x_wconf 91' lang='lat' dir='ltr'><strong>nunciatur.</strong></span> 
     </span>
    </p>

    <p class='ocr_par' dir='ltr' id='par_1_14' title="bbox 301 2304 1214 2431">
     <span class='ocr_line' id='line_1_16' title="bbox 301 2304 1214 2431; baseline -0.002 -30"><span class='ocrx_word' id='word_1_85' title='bbox 301 2306 483 2401; x_wconf 85' lang='lat' dir='ltr'><strong>Statim</strong></span> <span class='ocrx_word' id='word_1_86' title='bbox 508 2307 615 2429; x_wconf 87' lang='lat' dir='ltr'><strong>regi</strong></span> <span class='ocrx_word' id='word_1_87' title='bbox 639 2304 827 2399; x_wconf 89' lang='lat' dir='ltr'><strong>francie</strong></span> <span class='ocrx_word' id='word_1_88' title='bbox 853 2304 1214 2431; x_wconf 87' lang='lat' dir='ltr'><strong>tranquillatur.</strong></span> 
     </span>
    </p>

    <p class='ocr_par' dir='ltr' id='par_1_15' title="bbox 303 2419 1289 2518">
     <span class='ocr_line' id='line_1_17' title="bbox 303 2419 1289 2518; baseline -0.002 0"><span class='ocrx_word' id='word_1_89' title='bbox 303 2422 418 2518; x_wconf 83' lang='lat' dir='ltr'><strong>Suis</strong></span> <span class='ocrx_word' id='word_1_90' title='bbox 444 2424 502 2516; x_wconf 70' lang='lat' dir='ltr'><strong>in&#39;</strong></span> <span class='ocrx_word' id='word_1_91' title='bbox 521 2420 797 2517; x_wconf 85' lang='lat' dir='ltr'><strong>confinibus</strong></span> <span class='ocrx_word' id='word_1_92' title='bbox 818 2419 961 2517; x_wconf 89' lang='lat' dir='ltr'><strong>sanus</strong></span> <span class='ocrx_word' id='word_1_93' title='bbox 985 2436 1036 2516; x_wconf 92' lang='lat' dir='ltr'><strong>et</strong></span> <span class='ocrx_word' id='word_1_94' title='bbox 1061 2424 1289 2517; x_wconf 87' lang='lat' dir='ltr'><strong>uariatur.</strong></span> 
     </span>
    </p>
   </div>
   <div class='ocr_carea' id='block_1_11' title="bbox 303 2536 1717 2664">
    <p class='ocr_par' dir='ltr' id='par_1_16' title="bbox 303 2536 1717 2664">
     <span class='ocr_line' id='line_1_18' title="bbox 303 2536 1717 2664; baseline 0.004 -29"><span class='ocrx_word' id='word_1_95' title='bbox 303 2536 493 2635; x_wconf 92' lang='lat' dir='ltr'><strong>Modus</strong></span> <span class='ocrx_word' id='word_1_96' title='bbox 551 2568 604 2631; x_wconf 90' lang='lat' dir='ltr'><strong>er</strong></span> <span class='ocrx_word' id='word_1_97' title='bbox 626 2569 775 2664; x_wconf 86' lang='lat' dir='ltr'><strong>quern</strong></span> <span class='ocrx_word' id='word_1_98' title='bbox 794 2542 988 2634; x_wconf 89' lang='lat' dir='ltr'><strong>uenerit</strong></span> <span class='ocrx_word' id='word_1_99' title='bbox 1010 2538 1126 2631; x_wconf 90' lang='lat' dir='ltr'><strong>hinc</strong></span> <span class='ocrx_word' id='word_1_100' title='bbox 1148 2567 1236 2633; x_wconf 88' lang='lat' dir='ltr'><strong>rex</strong></span> <span class='ocrx_word' id='word_1_101' title='bbox 1261 2538 1578 2641; x_wconf 85' lang='lat' dir='ltr'><strong>contristatur.</strong></span> <span class='ocrx_word' id='word_1_102' title='bbox 1715 2588 1717 2593; x_wconf 56' lang='grc'>’</span> 
     </span>
    </p>
   </div>
   <div class='ocr_carea' id='block_1_12' title="bbox 124 2653 1384 2755">
    <p class='ocr_par' dir='ltr' id='par_1_17' title="bbox 124 2653 1384 2755">
     <span class='ocr_line' id='line_1_19' title="bbox 124 2653 1384 2755; baseline 0 -2"><span class='ocrx_word' id='word_1_103' title='bbox 124 2677 127 2681; x_wconf 78' lang='grc'><strong>’</strong></span> <span class='ocrx_word' id='word_1_104' title='bbox 302 2657 467 2753; x_wconf 87' lang='lat' dir='ltr'><strong>Vocat</strong></span> <span class='ocrx_word' id='word_1_105' title='bbox 526 2671 668 2751; x_wconf 92' lang='lat' dir='ltr'><strong>octos</strong></span> <span class='ocrx_word' id='word_1_106' title='bbox 690 2656 914 2752; x_wconf 90' lang='lat' dir='ltr'><strong>consules</strong></span> <span class='ocrx_word' id='word_1_107' title='bbox 937 2654 1085 2750; x_wconf 90' lang='lat' dir='ltr'><strong>docte</strong></span> <span class='ocrx_word' id='word_1_108' title='bbox 1110 2653 1384 2755; x_wconf 81' lang='lat' dir='ltr'><strong>sciscitatur.</strong></span> 
     </span>
    </p>
   </div>
   <div class='ocr_carea' id='block_1_13' title="bbox 253 2769 1548 4177">
    <p class='ocr_par' dir='ltr' id='par_1_18' title="bbox 303 2769 1280 2876">
     <span class='ocr_line' id='line_1_20' title="bbox 303 2769 1280 2876; baseline -0.002 -5"><span class='ocrx_word' id='word_1_109' title='bbox 303 2772 512 2872; x_wconf 83' lang='lat' dir='ltr'><strong>Francia</strong></span> <span class='ocrx_word' id='word_1_110' title='bbox 535 2772 810 2876; x_wconf 89' lang='lat' dir='ltr'><strong>baronibus</strong></span> <span class='ocrx_word' id='word_1_111' title='bbox 833 2771 1038 2867; x_wconf 91' lang='lat' dir='ltr'><strong>uerbum</strong></span> <span class='ocrx_word' id='word_1_112' title='bbox 1058 2769 1280 2869; x_wconf 88' lang='lat' dir='ltr'><strong>salutare.</strong></span> 
     </span>
    </p>

    <p class='ocr_par' dir='ltr' id='par_1_19' title="bbox 264 2886 1270 3103">
     <span class='ocr_line' id='line_1_21' title="bbox 264 2886 1270 3103; baseline 0.003 -119"><span class='ocrx_word' id='word_1_113' title='bbox 264 2904 269 2911; x_wconf 82' lang='lat'>&#39;</span> <span class='ocrx_word' id='word_1_114' title='bbox 303 2890 537 3103; x_wconf 48' lang='lat' dir='ltr'><strong>gualiter</strong></span> <span class='ocrx_word' id='word_1_115' title='bbox 561 2890 760 2985; x_wconf 87' lang='lat' dir='ltr'><strong>ecclesre</strong></span> <span class='ocrx_word' id='word_1_116' title='bbox 785 2905 977 3017; x_wconf 84' lang='lat' dir='ltr'><strong>patrem</strong></span> <span class='ocrx_word' id='word_1_117' title='bbox 1000 2886 1270 2988; x_wconf 85' lang='lat' dir='ltr'><strong>defensare.</strong></span> 
     </span>
    </p>

    <p class='ocr_par' dir='ltr' id='par_1_20' title="bbox 253 3007 1226 3104">
     <span class='ocr_line' id='line_1_22' title="bbox 253 3007 1226 3104; baseline 0.001 -1"><span class='ocrx_word' id='word_1_118' title='bbox 253 3060 260 3071; x_wconf 94' lang='lat'><strong>·</strong></span> <span class='ocrx_word' id='word_1_119' title='bbox 351 3008 483 3104; x_wconf 89' lang='lat' dir='ltr'><strong>aleat</strong></span> <span class='ocrx_word' id='word_1_120' title='bbox 508 3024 559 3104; x_wconf 90' lang='lat' dir='ltr'><strong>et</strong></span> <span class='ocrx_word' id='word_1_121' title='bbox 580 3007 816 3103; x_wconf 89' lang='lat' dir='ltr'><strong>cathedre</strong></span> <span class='ocrx_word' id='word_1_122' title='bbox 839 3009 920 3103; x_wconf 91' lang='lat' dir='ltr'><strong>sue</strong></span> <span class='ocrx_word' id='word_1_123' title='bbox 942 3010 1226 3104; x_wconf 85' lang='lat' dir='ltr'><strong>retormare.</strong></span> 
     </span>
    </p>

    <p class='ocr_par' dir='ltr' id='par_1_21' title="bbox 305 3125 1330 3251">
     <span class='ocr_line' id='line_1_23' title="bbox 305 3125 1330 3251; baseline -0.001 -28"><span class='ocrx_word' id='word_1_124' title='bbox 305 3126 443 3223; x_wconf 87' lang='lat' dir='ltr'><strong>Inter</strong></span> <span class='ocrx_word' id='word_1_125' title='bbox 464 3127 558 3221; x_wconf 89' lang='lat' dir='ltr'><strong>hec</strong></span> <span class='ocrx_word' id='word_1_126' title='bbox 585 3126 850 3221; x_wconf 88' lang='lat' dir='ltr'><strong>concilium</strong></span> <span class='ocrx_word' id='word_1_127' title='bbox 874 3125 1067 3221; x_wconf 84' lang='lat' dir='ltr'><strong>turonis</strong></span> <span class='ocrx_word' id='word_1_128' title='bbox 1123 3136 1330 3251; x_wconf 87' lang='lat' dir='ltr'><strong>regatur.</strong></span> 
     </span>
    </p>

    <p class='ocr_par' dir='ltr' id='par_1_22' title="bbox 306 3153 1460 3597">
     <span class='ocr_line' id='line_1_24' title="bbox 309 3153 1283 3370; baseline 0.001 -33"><span class='ocrx_word' id='word_1_129' title='bbox 309 3244 414 3370; x_wconf 85' lang='lat' dir='ltr'><strong>Qui</strong></span> <span class='ocrx_word' id='word_1_130' title='bbox 436 3245 640 3369; x_wconf 89' lang='lat' dir='ltr'><strong>prelatis</strong></span> <span class='ocrx_word' id='word_1_131' title='bbox 663 3240 852 3337; x_wconf 88' lang='lat' dir='ltr'><strong>francie</strong></span> <span class='ocrx_word' id='word_1_132' title='bbox 874 3245 967 3338; x_wconf 91' lang='lat' dir='ltr'><strong>rite</strong></span> <span class='ocrx_word' id='word_1_133' title='bbox 994 3153 1283 3339; x_wconf 49' lang='lat' dir='ltr'><strong>celeirratur.</strong></span> 
     </span>
     <span class='ocr_line' id='line_1_25' title="bbox 308 3356 1460 3501; baseline 0.002 -45"><span class='ocrx_word' id='word_1_134' title='bbox 308 3362 586 3487; x_wconf 88' lang='lat' dir='ltr'><strong>Imperator</strong></span> <span class='ocrx_word' id='word_1_135' title='bbox 608 3356 815 3455; x_wconf 87' lang='lat' dir='ltr'><strong>audiens</strong></span> <span class='ocrx_word' id='word_1_136' title='bbox 840 3356 973 3501; x_wconf 91' lang='lat' dir='ltr'><strong>quod</strong></span> <span class='ocrx_word' id='word_1_137' title='bbox 1001 3358 1132 3454; x_wconf 93' lang='lat' dir='ltr'><strong>hunc</strong></span> <span class='ocrx_word' id='word_1_138' title='bbox 1158 3362 1460 3458; x_wconf 89' lang='lat' dir='ltr'><strong>conseruare.</strong></span> 
     </span>
     <span class='ocr_line' id='line_1_26' title="bbox 306 3474 1277 3597; baseline 0 -24"><span class='ocrx_word' id='word_1_139' title='bbox 306 3476 419 3573; x_wconf 86' lang='lat' dir='ltr'><strong>Rex</strong></span> <span class='ocrx_word' id='word_1_140' title='bbox 442 3474 804 3572; x_wconf 86' lang='lat' dir='ltr'><strong>deliberauerat</strong></span> <span class='ocrx_word' id='word_1_141' title='bbox 825 3478 1010 3597; x_wconf 77' lang='lat' dir='ltr'><strong>uiribus</strong></span> <span class='ocrx_word' id='word_1_142' title='bbox 1035 3507 1235 3575; x_wconf 86' lang='lat' dir='ltr'><strong>armare.</strong></span> <span class='ocrx_word' id='word_1_143' title='bbox 1276 3528 1277 3531; x_wconf 11' lang='grc' dir='ltr'><strong><em>κ</em></strong></span> 
     </span>
    </p>

    <p class='ocr_par' dir='ltr' id='par_1_23' title="bbox 306 3593 1372 3725">
     <span class='ocr_line' id='line_1_27' title="bbox 306 3593 1372 3725; baseline 0.002 -35"><span class='ocrx_word' id='word_1_144' title='bbox 306 3596 372 3690; x_wconf 88' lang='lat' dir='ltr'><strong>Se</strong></span> <span class='ocrx_word' id='word_1_145' title='bbox 397 3609 540 3719; x_wconf 88' lang='lat' dir='ltr'><strong>parat</strong></span> <span class='ocrx_word' id='word_1_146' title='bbox 563 3609 615 3689; x_wconf 88' lang='lat' dir='ltr'><strong>et</strong></span> <span class='ocrx_word' id='word_1_147' title='bbox 635 3594 874 3689; x_wconf 90' lang='lat' dir='ltr'><strong>franciam</strong></span> <span class='ocrx_word' id='word_1_148' title='bbox 896 3593 1089 3721; x_wconf 91' lang='lat' dir='ltr'><strong>prorsus</strong></span> <span class='ocrx_word' id='word_1_149' title='bbox 1114 3599 1372 3725; x_wconf 87' lang='lat' dir='ltr'><strong>extirpare.</strong></span> 
     </span>
    </p>

    <p class='ocr_par' dir='ltr' id='par_1_24' title="bbox 307 3709 1514 3967">
     <span class='ocr_line' id='line_1_28' title="bbox 307 3709 1514 3843; baseline 0.001 -36"><span class='ocrx_word' id='word_1_150' title='bbox 307 3711 420 3807; x_wconf 88' lang='lat' dir='ltr'><strong>Rex</strong></span> <span class='ocrx_word' id='word_1_151' title='bbox 438 3710 718 3806; x_wconf 88' lang='lat' dir='ltr'><strong>francorum</strong></span> <span class='ocrx_word' id='word_1_152' title='bbox 742 3714 993 3837; x_wconf 83' lang='lat' dir='ltr'><strong>principes</strong></span> <span class='ocrx_word' id='word_1_153' title='bbox 1014 3709 1171 3805; x_wconf 86' lang='lat' dir='ltr'><strong>studet</strong></span> <span class='ocrx_word' id='word_1_154' title='bbox 1199 3738 1514 3843; x_wconf 84' lang='lat' dir='ltr'><strong>congregare.</strong></span> 
     </span>
     <span class='ocr_line' id='line_1_29' title="bbox 307 3827 1267 3967; baseline 0.004 -46"><span class='ocrx_word' id='word_1_155' title='bbox 307 3828 541 3948; x_wconf 88' lang='lat' dir='ltr'><strong>Queritat</strong></span> <span class='ocrx_word' id='word_1_156' title='bbox 563 3828 813 3939; x_wconf 85' lang='lat' dir='ltr'><strong>confilium</strong></span> <span class='ocrx_word' id='word_1_157' title='bbox 833 3829 1046 3967; x_wconf 77' lang='lat' dir='ltr'><strong>qualiter</strong></span> <span class='ocrx_word' id='word_1_158' title='bbox 1067 3827 1267 3925; x_wconf 90' lang='lat' dir='ltr'><strong>saluare.</strong></span> 
     </span>
    </p>

    <p class='ocr_par' dir='ltr' id='par_1_25' title="bbox 310 3944 1326 4071">
     <span class='ocr_line' id='line_1_30' title="bbox 310 3944 1326 4071; baseline 0.002 -30"><span class='ocrx_word' id='word_1_159' title='bbox 310 3949 374 4042; x_wconf 83' lang='lat' dir='ltr'><strong>Se</strong></span> <span class='ocrx_word' id='word_1_160' title='bbox 400 3961 451 4040; x_wconf 89' lang='lat' dir='ltr'><strong>et</strong></span> <span class='ocrx_word' id='word_1_161' title='bbox 473 3946 584 4040; x_wconf 90' lang='lat' dir='ltr'><strong>suos</strong></span> <span class='ocrx_word' id='word_1_162' title='bbox 604 3946 771 4062; x_wconf 86' lang='lat' dir='ltr'><strong>ualeat</strong></span> <span class='ocrx_word' id='word_1_163' title='bbox 791 3977 876 4071; x_wconf 94' lang='lat' dir='ltr'><strong>qu1</strong></span> <span class='ocrx_word' id='word_1_164' title='bbox 888 3944 1176 4071; x_wconf 83' lang='lat' dir='ltr'><strong>responsum</strong></span> <span class='ocrx_word' id='word_1_165' title='bbox 1195 3945 1326 4044; x_wconf 82' lang='lat' dir='ltr'><strong>dare.</strong></span> 
     </span>
    </p>

    <p class='ocr_par' dir='ltr' id='par_1_26' title="bbox 262 4057 1548 4177">
     <span class='ocr_line' id='line_1_31' title="bbox 262 4057 1548 4177; baseline 0.012 -30"><span class='ocrx_word' id='word_1_166' title='bbox 262 4138 268 4147; x_wconf 92' lang='lat'><strong>.</strong></span> <span class='ocrx_word' id='word_1_167' title='bbox 310 4060 405 4159; x_wconf 86' lang='lat' dir='ltr'><strong>Vill</strong></span> <span class='ocrx_word' id='word_1_168' title='bbox 429 4063 537 4157; x_wconf 93' lang='lat' dir='ltr'><strong>sunt</strong></span> <span class='ocrx_word' id='word_1_169' title='bbox 557 4065 883 4157; x_wconf 90' lang='lat' dir='ltr'><strong>communiter</strong></span> <span class='ocrx_word' id='word_1_170' title='bbox 903 4092 1008 4173; x_wconf 86' lang='lat' dir='ltr'><strong>non</strong></span> <span class='ocrx_word' id='word_1_171' title='bbox 1034 4057 1099 4154; x_wconf 89' lang='lat' dir='ltr'><strong>est</strong></span> <span class='ocrx_word' id='word_1_172' title='bbox 1119 4076 1278 4159; x_wconf 92' lang='lat' dir='ltr'><strong>tutum</strong></span> <span class='ocrx_word' id='word_1_173' title='bbox 1303 4065 1435 4161; x_wconf 82' lang='lat' dir='ltr'><strong>stare.</strong></span> <span class='ocrx_word' id='word_1_174' title='bbox 1547 4174 1548 4177; x_wconf 4' lang='grc' dir='ltr'><strong><em>Ν</em></strong></span> 
     </span>
    </p>
   </div>
   <div class='ocr_carea' id='block_1_14' title="bbox 310 4178 1591 4315">
    <p class='ocr_par' dir='ltr' id='par_1_27' title="bbox 310 4178 1591 4315">
     <span class='ocr_line' id='line_1_32' title="bbox 310 4178 1591 4315; baseline -0.003 -40"><span class='ocrx_word' id='word_1_175' title='bbox 310 4178 461 4275; x_wconf 90' lang='lat' dir='ltr'><strong>Locis</strong></span> <span class='ocrx_word' id='word_1_176' title='bbox 481 4181 534 4272; x_wconf 94' lang='lat' dir='ltr'><strong>in</strong></span> <span class='ocrx_word' id='word_1_177' title='bbox 555 4179 897 4305; x_wconf 87' lang='lat' dir='ltr'><strong>campestribus</strong></span> <span class='ocrx_word' id='word_1_178' title='bbox 919 4195 971 4276; x_wconf 90' lang='lat' dir='ltr'><strong>et</strong></span> <span class='ocrx_word' id='word_1_179' title='bbox 991 4180 1107 4315; x_wconf 76' lang='lat' dir='ltr'><strong>hinc</strong></span> <span class='ocrx_word' id='word_1_180' title='bbox 1128 4182 1426 4308; x_wconf 88' lang='lat' dir='ltr'><strong>propulsare.</strong></span> <span class='ocrx_word' id='word_1_181' title='bbox 1445 4238 1448 4245; x_wconf 90' lang='lat'>·</span> <span class='ocrx_word' id='word_1_182' title='bbox 1587 4264 1591 4271; x_wconf 88' lang='lat'><strong>.</strong></span> 
     </span>
    </p>
   </div>
   <div class='ocr_carea' id='block_1_15' title="bbox 198 4293 1516 4980">
    <p class='ocr_par' dir='ltr' id='par_1_28' title="bbox 277 4293 1445 4658">
     <span class='ocr_line' id='line_1_33' title="bbox 313 4293 1445 4425; baseline 0.002 -32"><span class='ocrx_word' id='word_1_183' title='bbox 313 4298 505 4393; x_wconf 91' lang='lat' dir='ltr'><strong>Omnes</strong></span> <span class='ocrx_word' id='word_1_184' title='bbox 528 4327 623 4392; x_wconf 90' lang='lat' dir='ltr'><strong>nos</strong></span> <span class='ocrx_word' id='word_1_185' title='bbox 644 4297 955 4423; x_wconf 91' lang='lat' dir='ltr'><strong>nequibimus</strong></span> <span class='ocrx_word' id='word_1_186' title='bbox 977 4293 1290 4425; x_wconf 70' lang='lat' dir='ltr'><strong>audimusque</strong></span> <span class='ocrx_word' id='word_1_187' title='bbox 1312 4302 1445 4396; x_wconf 90' lang='lat' dir='ltr'><strong>clare</strong></span> 
     </span>
     <span class='ocr_line' id='line_1_34' title="bbox 310 4411 1221 4625; baseline -0.002 -113"><span class='ocrx_word' id='word_1_188' title='bbox 310 4414 489 4512; x_wconf 84' lang='lat' dir='ltr'><strong>Fortes</strong></span> <span class='ocrx_word' id='word_1_189' title='bbox 515 4411 578 4509; x_wconf 93' lang='lat' dir='ltr'><strong>de</strong></span> <span class='ocrx_word' id='word_1_190' title='bbox 597 4414 756 4541; x_wconf 86' lang='lat' dir='ltr'><strong>ytalia</strong></span> <span class='ocrx_word' id='word_1_191' title='bbox 779 4429 937 4509; x_wconf 83' lang='lat' dir='ltr'><strong>turres</strong></span> <span class='ocrx_word' id='word_1_192' title='bbox 963 4416 1221 4625; x_wconf 74' lang='lat' dir='ltr'><strong>coequare.</strong></span> 
     </span>
     <span class='ocr_line' id='line_1_35' title="bbox 277 4528 1298 4658; baseline 0.008 -35"><span class='ocrx_word' id='word_1_193' title='bbox 277 4604 280 4609; x_wconf 87' lang='lat'><strong>.</strong></span> <span class='ocrx_word' id='word_1_194' title='bbox 313 4528 472 4627; x_wconf 88' lang='lat' dir='ltr'><strong>Terre</strong></span> <span class='ocrx_word' id='word_1_195' title='bbox 497 4531 629 4625; x_wconf 91' lang='lat' dir='ltr'><strong>cesar</strong></span> <span class='ocrx_word' id='word_1_196' title='bbox 687 4534 813 4626; x_wconf 94' lang='lat' dir='ltr'><strong>otuit</strong></span> <span class='ocrx_word' id='word_1_197' title='bbox 836 4541 974 4627; x_wconf 85' lang='lat' dir='ltr'><strong>rome</strong></span> <span class='ocrx_word' id='word_1_198' title='bbox 996 4562 1062 4658; x_wconf 95' lang='lat' dir='ltr'><strong>pe</strong></span> <span class='ocrx_word' id='word_1_199' title='bbox 1098 4532 1298 4631; x_wconf 88' lang='lat' dir='ltr'><strong>umdare</strong></span> 
     </span>
    </p>

    <p class='ocr_par' dir='ltr' id='par_1_29' title="bbox 198 4563 1516 4980">
     <span class='ocr_line' id='line_1_36' title="bbox 287 4563 1516 4781; baseline 0.008 -41"><span class='ocrx_word' id='word_1_200' title='bbox 287 4659 290 4665; x_wconf 88' lang='grc'><strong>’</strong></span> <span class='ocrx_word' id='word_1_201' title='bbox 321 4648 435 4767; x_wconf 85' lang='lat' dir='ltr'><strong>Que</strong></span> <span class='ocrx_word' id='word_1_202' title='bbox 460 4650 508 4743; x_wconf 91' lang='lat' dir='ltr'><strong>se</strong></span> <span class='ocrx_word' id='word_1_203' title='bbox 530 4563 703 4743; x_wconf 65' lang='lat' dir='ltr'><strong>muniit</strong></span> <span class='ocrx_word' id='word_1_204' title='bbox 725 4650 885 4773; x_wconf 89' lang='lat' dir='ltr'><strong>princi</strong></span> <span class='ocrx_word' id='word_1_205' title='bbox 922 4681 1001 4743; x_wconf 93' lang='lat' dir='ltr'><strong>em</strong></span> <span class='ocrx_word' id='word_1_206' title='bbox 1024 4651 1212 4776; x_wconf 90' lang='lat' dir='ltr'><strong>semper</strong></span> <span class='ocrx_word' id='word_1_207' title='bbox 1229 4683 1516 4781; x_wconf 87' lang='lat' dir='ltr'><strong>prorogare.</strong></span> 
     </span>
     <span class='ocr_line' id='line_1_37' title="bbox 198 4682 1298 4980; baseline 0.005 -119"><span class='ocrx_word' id='word_1_208' title='bbox 198 4854 207 4861; x_wconf 75' lang='grc'><strong>,.</strong></span> <span class='ocrx_word' id='word_1_209' title='bbox 311 4764 498 4863; x_wconf 82' lang='lat' dir='ltr'><strong>Suouit.</strong></span> <span class='ocrx_word' id='word_1_210' title='bbox 530 4797 627 4901; x_wconf 91' lang='lat' dir='ltr'><strong>que</strong></span> <span class='ocrx_word' id='word_1_211' title='bbox 650 4765 680 4860; x_wconf 89' lang='lat' dir='ltr'><strong>s1</strong></span> <span class='ocrx_word' id='word_1_212' title='bbox 703 4767 870 4894; x_wconf 87' lang='lat' dir='ltr'><strong>potuit</strong></span> <span class='ocrx_word' id='word_1_213' title='bbox 885 4682 948 4861; x_wconf 68' lang='lat' dir='ltr'><strong>sic</strong></span> <span class='ocrx_word' id='word_1_214' title='bbox 973 4766 1298 4980; x_wconf 64' lang='lat' dir='ltr'><strong>subpeditare.</strong></span> 
     </span>
    </p>
   </div>
   <div class='ocr_carea' id='block_1_16' title="bbox 1610 4897 1765 4994">
    <p class='ocr_par' dir='ltr' id='par_1_30' title="bbox 1610 4897 1765 4994">
     <span class='ocr_line' id='line_1_38' title="bbox 1610 4897 1765 4994; baseline -0.039 0"><span class='ocrx_word' id='word_1_215' title='bbox 1610 4897 1662 4994; x_wconf 93' lang='lat' dir='ltr'>N</span> <span class='ocrx_word' id='word_1_216' title='bbox 1664 4898 1765 4993; x_wconf 82' lang='lat' dir='ltr'><strong>obi-</strong></span> 
     </span>
    </p>
   </div>
   <div class='ocr_carea' id='block_1_17' title="bbox 1973 345 2151 489">
    <p class='ocr_par' dir='ltr' id='par_1_31' title="bbox 1973 345 2151 489">
     <span class='ocr_line' id='line_1_39' title="bbox 1973 345 2151 489; baseline 0 0"><span class='ocrx_word' id='word_1_217' title='bbox 1973 345 2004 427; x_wconf 41' lang='lat' dir='ltr'>N</span> <span class='ocrx_word' id='word_1_218' title='bbox 2144 470 2151 489; x_wconf 77' lang='lat' dir='ltr'><em>l</em></span> 
     </span>
    </p>
   </div>
   <div class='ocr_carea' id='block_1_18' title="bbox 0 0 2376 6067">
    <p class='ocr_par' dir='ltr' id='par_1_32' title="bbox 0 0 2376 6067">
     <span class='ocr_line' id='line_1_40' title="bbox 0 0 2376 6067; baseline 0 1"><span class='ocrx_word' id='word_1_219' title='bbox 0 0 2376 6067; x_wconf 95' lang='lat' dir='ltr'><strong> </strong></span> 
     </span>
    </p>
   </div>
  </div>
 </body>
</html>
