4742 6067
601 396 604 403 ·
651 394 736 491 ms
853 462 858 477 .
912 330 919 339 ’
1104 386 1190 471 nc
1238 346 1691 471 ‘c'unour'cou-

633 646 672 657 .,
715 587 801 693 M.
822 592 1031 691 omn.
1059 588 1244 691 remu
1270 592 1559 721 noeteapost
1594 589 1924 723 Epiphaniam
1958 568 2106 691 anua

608 713 731 810 lunt
753 715 973 810 tonitrua
996 713 1126 808 circa
1145 710 1404 809 secundam
1424 712 1600 809 noctis.
2028 737 2032 746 ·
2251 742 2252 745 ‘

732 830 891 929 M..cc.
902 830 967 925 lx.
979 862 1043 925 111
1073 830 1252 927 Fames
1274 829 1405 927 facta
1429 831 1493 927 cll
1514 834 1565 925 in
1587 828 1769 924 austria.

610 1021 616 1035 .
709 949 963 1045 ·'M.cc.lx.
975 947 1059 1042 iiii.
1088 940 1263 1045 Turbo
1294 950 1567 1045 uehemens
1598 946 1661 1042 ab
1684 942 1943 1043 occidente
1977 946 2110 1042 irmit.

614 1083 672 1163 ct
683 1068 937 1194 ingentem
959 1066 1150 1159 ruinam
1172 1064 1475 1163 edificiorum
1500 1082 1552 1161 ct
1573 1066 1721 1160 etiam
1744 1064 1973 1160 arbonam
1995 1060 2111 1161 fecii

614 1186 818 1284 quenis
838 1188 930 1279 rex
949 1216 1015 1278 un
1052 1180 1300 1279 arieBela
1321 1186 1524 1281 nomine
1557 1180 1700 1277 duxit
1727 1181 1877 1277 filiam
1910 1178 2112 1307 Margra-

616 1305 688 1399 uii
711 1299 774 1397 de
795 1299 1032 1397 Branden
1069 1299 1190 1395 urch
1214 1302 1449 1398 sororiam
1469 1300 1622 1443 Regis
1644 1299 1866 1395 Boemie
1956 1296 2113 1395 Come·
2253 1327 2259 1350 ·

343 1542 346 1549 Ι
471 1472 473 1477 ·
615 1434 695 1516 tes
715 1421 818 1529 ulla
840 1418 917 1515 est.
976 1418 1284 1523 wernherus
1308 1418 1461 1516 abbas
1483 1418 1620 1514 ob1it.
1647 1418 1740 1512 cui
1760 1414 2115 1529 lieinricusluc·
2192 1494 2197 1510 .
2253 1513 2259 1524 ,

593 1535 763 1655 cellit.
833 1532 1207 1635 'Gundacharus
1228 1534 1291 1632 do
1312 1535 1713 1633 Storchenberch
1734 1534 1986 1631 subitanea
2005 1563 2117 1629 mor¹
2173 1632 2176 1643 ,

617 1666 671 1749 te
697 1655 835 1751 obiic
892 1654 1122 1763 Vrbanus
1142 1684 1274 1780 papa
1295 1654 1432 1750 obiit
1463 1654 1542 1749 cui
1565 1652 1796 1749 Clemens
1819 1648 2042 1748 luccellit

738 1771 813 1867 Μ.
826 1770 969 1868 ccclx.
978 1804 1024 1865 v,
1070 1772 1197 1867 Otto
1232 1770 1521 1911 patauienlis
1563 1772 1820 1897 epilcopus
1856 1770 1994 1873 obiit.
2051 1770 2118 1865 cui

338 1889 342 1896 ’
454 1893 480 1988 f
621 1885 800 1987 Petrus
830 1888 1059 1985 luccellrt
1137 1887 1341 1989 ⁴Vlr1cus
1377 1889 1737 2015 arciepiscopus
1771 1886 2118 2101 Salzpuppenlu

659 2010 740 2103 uia
760 2007 1011 2134 impotens
1029 2004 1125 2099 fuit
1145 2002 1210 2099 ad
1230 1996 1497 2132 regendam
1520 2005 1603 2101 dei
1626 2004 1873 2101 ecclefiam
1898 2019 1959 2101 et'
2001 2003 2119 2098 efen·
2239 2007 2242 2018 “

622 2036 854 2237 dendam.
904 2118 1120 2244 eandem
1146 2120 1352 2261 refignat
1381 2124 1661 2221 uoluntarie
1699 2121 2004 2251 dignitatem.
2054 2120 2120 2215 cui

621 2241 869 2343 ludwicus
932 2241 1112 2335 olonus
1133 2237 1359 2336 succedit„
1887 2310 1891 2317 .

630 2420 636 2437 ·
742 2359 816 2455 M.
829 2391 897 2453 cc.
963 2360 1049 2454 ‚vi
1091 2358 1369 2455 Otacharus
1409 2386 1498 2455 rex
1541 2360 1738 2455 boemie
1775 2388 1885 2453 cum
1919 2358 2117 2453 maximo

624 2478 847 2575 exercitu
868 2475 1134 2572 bawariam
1158 2478 1371 2571 intrauit.
1403 2492 1454 2571 et
1485 2502 1594 2571 eam
1615 2476 1747 2572 ferro
1776 2490 1826 2571 et
1847 2478 1962 2603 igne
1989 2474 2119 2599 ulque

625 2594 689 2693 ad
721 2594 971 2689 ciuitatem
993 2588 1314 2721 Ratilponam
1343 2588 1622 2691 deuastauit.
1654 2607 1712 2689 et'
1726 2592 2014 2721 quibusdam
2034 2622 2120 2684 mu·

467 2752 471 2764 ·
624 2710 900 2808 ultionibus
924 2711 1216 2850 expugnatis
1242 2726 1294 2808 et
1316 2710 1504 2809 exustis.
1534 2709 1596 2807 ad
1619 2713 1824 2840 propria
1846 2714 2011 2807 uictor
2031 2708 2122 2837 glo·

624 2828 1088 2956 riolusregredrtur.
1662 2890 1667 2897 -

630 3010 636 3023 ·
744 2946 817 3041 M.
832 2978 900 3042 cc.
910 2946 976 3042 lx.
987 2947 1069 3043 vii
1120 2943 1443 3052 Terremotus
1476 2944 1635 3043 factus
1682 2942 1759 3041 en.
1801 2946 1866 3042 iii.
1896 2940 2121 3041 kalendas
2288 2966 2290 3023 ³

624 3062 736 3163 Mai
757 3066 887 3161 circa
908 3064 1083 3159 horam
1108 3063 1210 3160 diei
1229 3066 1444 3161 terciam.
1505 3066 1629 3161 Item
1650 3079 1780 3159 terre
1804 3064 2123 3161 motusfactus
2167 3162 2171 3175 ι
2235 3074 2236 3077 ‘
2289 3064 2290 3109 l

627 3181 706 3281 est.
735 3184 801 3280 iii.
831 3178 1073 3275 kalendas
1101 3181 1414 3277 Nouembris.
1446 3183 1576 3278 circa
1604 3179 1817 3277 mediam
1846 3196 2058 3278 noctem.

745 3294 1106 3393 M.cc.bcviiii.
1137 3296 1528 3442 Clemenspapa
1558 3299 1695 3396 obiit.

748 3410 821 3509 M.
835 3414 1013 3512 cclxx
1035 3413 1277 3511 ludwicus
1290 3420 1649 3545 arcieprlcopus
1662 3414 2022 3547 salzpurgensis
2035 3412 2126 3512 obi·
2289 3408 2290 3427 ¹

631 3534 688 3631 il.
720 3534 802 3629 cui
823 3528 1082 3628 fridericus
1104 3523 1206 3627 td'm
1243 3534 1479 3660 repolitus
1503 3536 1730 3632 luccellit.
1822 3600 1831 3620 „
2219 3587 2222 3596 ·

749 3649 1029 3789 Meclxxi.
1086 3566 1333 3749 Otadrrus
1366 3684 1455 3793 ren
1484 3652 1697 3749 lroemie.
1751 3666 1804 3747 et
1837 3646 1940 3753 dux
1971 3648 2125 3787 austrie

630 3799 884 3899 ungarum
918 3799 1028 3864 cum
1060 3799 1242 3898 magno
1289 3786 1506 3877 exercrtu
1538 3774 1727 3866 intrans
1758 3772 2059 3866 munitiones
2082 3796 2127 3859 m

633 3920 695 3985 ea
729 3884 899 4013 plures
931 3885 1160 3983 obtinuit
1218 3890 1348 3983 inter
1381 3919 1504 4015 quas
1537 3886 1842 3999 firmiffimam
1875 3882 2127 4015 prelburch

632 4003 817 4100 dictam
836 4002 1088 4105 violenter
1112 4036 1400 4133 expugnans
1427 4008 1514 4103 suo
1547 4038 1656 4100 eam
1679 4003 1900 4101 dominio
1920 4005 2128 4129 subiuga·

633 4124 722 4217 uit
779 4119 882 4216 Sed
903 4121 1187 4249 Stephanus
1210 4156 1299 4219 rex
1321 4126 1526 4253 ungarie
1557 4123 1900 4219 fraudulenter
1934 4154 2044 4218 cum
2072 4148 2125 4212 eo

628 4252 834 4367 'treugas
856 4233 1045 4337 faciens
1078 4245 1291 4337 nuncios
1325 4240 1554 4338 honestos
1589 4242 1733 4370 ipsius
1765 4244 1894 4368 regis
1928 4239 2130 4373 captiua·

634 4359 721 4453 uic
751 4384 844 4483 pro
901 4388 1078 4453 uorum
1099 4359 1352 4484 solutione,
1363 4359 1671 4459 municiones
1694 4358 1878 4454 amillas
1901 4356 2129 4456 rehabuu.

634 4474 832 4571 Interea
905 4477 1116 4572 einricus
1131 4477 1234 4573 dux
1245 4478 1470 4575 Bawarie
1493 4479 1635 4573 millis
1656 4476 1792 4572 mille
1817 4477 2013 4572 armatis
2035 4500 2129 4601 par·
2222 4508 2226 4525 ·

635 4605 739 4693 tem
762 4592 1027 4717 superioris
1059 4594 1230 4691 austrie
1252 4628 1284 4691 a
1305 4597 1463 4722 pruke
1484 4626 1643 4723 usque
1670 4594 1790 4691 wels
1820 4588 2060 4690 incendiis
2088 4596 2131 4681 et

635 4711 822 4841 rapinis
843 4712 1050 4845 quadiu
1073 4715 1313 4821 curulium
1332 4716 1462 4853 regis
1484 4716 1685 4851 ungarie
1713 4711 2069 4925 deuelleuit.'M
2123 4718 2128 4742 ¹
2174 4749 2195 4788 s
2241 4766 2243 4771 .
