4742 6067
724 450 1319 535 osrnanovmuss.
1527 442 1531 449 ·
1659 485 1733 555 501

145 755 149 762 .
270 657 564 759 Chunradus
587 654 714 753 filius
738 654 925 776 fridrici
941 658 1279 780 imperatoris.
1315 656 1448 773 ducit
1472 686 1675 751 uxorem
1699 654 1787 751 d‘o·

269 784 453 873 minam
475 774 766 904 Elyzabeth.
809 772 958 867 filiam
992 777 1196 871 Ottonis
1224 774 1360 869 ducis
1398 774 1623 870 bawarie.
1684 776 1724 869 F
1726 779 1787 871 ri-

270 899 467 992 dericus
496 892 597 988 dux
618 892 805 987 Austric
839 892 1025 985 occisus
1051 892 1126 987 est
1186 892 1434 987 Dominus
1460 892 1689 987 Alramus
1721 890 1786 988 de
1879 906 1882 913 ’

152 1086 156 1104 .
274 1013 398 1111 hals.
432 1006 567 1131 obiit.
595 1012 712 1148 xiiij.
743 1008 839 1108 kal.
869 1008 1116 1106 februarii.

192 1203 195 1207 -
240 1211 244 1219 .
391 1130 477 1227 Mt
490 1132 576 1223 cc⁰.
587 1128 734 1247 xlv1j⁰.
766 1124 980 1221 Castrum
993 1128 1044 1220 in
1058 1131 1264 1221 wintzer
1279 1126 1542 1223 destruitur.
1573 1128 1785 1223 Wilhel-

271 1281 380 1347 mus
404 1278 571 1343 comes
591 1243 862 1340 Hollandie
885 1245 937 1337 in
962 1274 1130 1370 regem
1154 1245 1363 1372 eligitur.
1421 1244 1786 1342 Ludwicussili·
1914 1272 1924 1291 ·

272 1399 331 1462 us
366 1366 505 1461 ducis
537 1362 776 1459 Bawarie.
867 1360 1184 1456 Chunradum
1220 1366 1452 1457 comitem
1487 1360 1549 1457 de
1580 1360 1808 1457 wasser-2

134 1568 137 1575 .
271 1484 429 1579 burch
461 1512 572 1575 cum
602 1479 1025 1577 exercituinuasrt
1067 1494 1119 1575 et
1139 1510 1251 1574 eum
1278 1479 1339 1574 de
1370 1481 1604 1575 comitatu
1628 1481 1786 1577 eiecit.

273 1602 504 1698 omnibus
544 1595 908 1693 municionibus
942 1596 1036 1691 suis
1073 1598 1243 1723 captis
1341 1598 1617 1736 Phylippus
1659 1596 1813 1695 filius

273 1714 546 1933 pernhardi
575 1715 712 1831 ducis
743 1714 997 1809 carinthie.
1047 1715 1242 1851 eligitur
1274 1717 1344 1809 in·
1370 1715 1789 1839 arclneplscopum
1909 1774 1927 1814 .·
2072 1686 2076 1693 ¹

312 1839 512 1961 alczpur
543 1833 721 1927 ensem.
772 1831 851 1925 cui
890 1863 920 1925 a
951 1828 1156 1925 dommo
1190 1822 1330 2041 papa
1371 1833 1664 1927 Innocentio
1706 1862 1788 1955 ιιι).

273 1955 493 2049 Purchar
529 1982 585 2044 us
608 1981 775 2044 comes
800 1946 863 2042 de
876 1948 1167 2073 Zigenhaim
1211 1980 1331 2073 uper
1353 1952 1565 2075 ponitur.
1598 1963 1650 2042 et
1672 1975 1789 2049 con·

274 2072 488 2163 sectatus
512 2097 569 2159 ac
594 2066 749 2190 pallio
772 2064 1070 2185 archiepisco
1107 2065 1174 2158 ali
1199 2064 1458 2159 decoratus
1481 2067 1698 2159 moritur.

394 2181 757 2301 M⁰.cc⁰.xlviij⁰.
799 2182 866 2313 iii.
887 2178 1012 2272 Idus
1026 2096 1260 2272 fessruarii
1290 2183 1342 2272 in
1363 2196 1511 2275 nocte
1533 2180 1691 2277 factus
1724 2182 1789 2279 est

276 2313 604 2419 terremotus.
664 2294 931 2393 Ludwicus
953 2293 1054 2389 dux
1072 2294 1259 2391 Austris
1282 2297 1622 2411 tranffretauit.

391 2418 483 2512 Mt
496 2419 582 2511 cc‘’.
592 2414 761 2511 xlviiii.
792 2410 1058 2509 Ludwicus
1090 2444 1179 2508 rex
1209 2412 1395 2509 francie
1430 2414 1693 2513 damiatam
1724 2418 1790 2513 ci*

277 2538 483 2631 uitatem
518 2534 883 2629 sarracenorum
932 2528 1246 2626 fortissimam.
1296 2533 1349 2625 in
1393 2535 1586 2629 Octaua
1624 2535 1790 2631 sancte

276 2652 537 2749 Trinitatis
568 2648 854 2744 miraculose
884 2650 1031 2774 cepit.
1066 2645 1314 2774 ³‚Rapot0
1347 2666 1513 2747 comes
1544 2652 1797 2778 palatinus

268 2770 503 2868 Bawarie
529 2768 665 2863 obiit
723 2764 1039 2862 Eberhardus
1063 2764 1116 2861 fit
1139 2766 1283 2874 huius
1307 2768 1407 2863 loci
1426 2770 1709 2897 prepositus.
1741 2784 1794 2869 et

186 2980 199 2997 ,
277 2891 333 2984 in
358 2885 540 2985 eodem
564 2915 697 2980 anno
721 2884 999 3011 deponitur.

395 3004 485 3099 M0.
499 3005 583 3098 cc⁰.
593 3002 641 3097 1⁰.
664 3000 930 3099 Ludwicus
952 3033 1041 3097 rex
1061 3000 1248 3097 francie
1272 3035 1300 3097 a
1320 3002 1581 3100 sarracenis
1606 3021 1790 3133 captus.

276 3124 562 3219 Damiatam
593 3134 645 3215 et
676 3120 807 3215 alias
819 3122 1047 3215 ciuitates
1079 3151 1201 3247 quas
1270 3122 1386 3215 riori
1419 3152 1550 3217 anno
1577 3138 1789 3249 ceperat.

275 3238 488 3337 reddere
522 3238 724 3365 cogitur.
793 3236 1020 3362 Roperto
1051 3237 1201 3332 fratre
1234 3154 1320 3333 suo
1349 3239 1462 3363 plus
1500 3271 1653 3365 quam
1682 3272 1791 3335 cum

277 3390 356 3453 xx.
389 3356 589 3451 milibus
621 3352 987 3449 christianorum
1022 3356 1195 3450 occis0.
1257 3357 1315 3449 In
1376 3388 1445 3451 uo
1472 3358 1608 3452 bello
1636 3358 1792 3453 eciam
1916 3410 1920 3419 ·

276 3473 514 3572 occubuit
542 3501 849 3680 papanorum
880 3471 1249 3566 innumerabilis
1280 3387 1557 3569 mdstitudo
1589 3506 1593 3526 ¹
1628 3474 1793 3601 Roge-

275 3622 362 3689 rus
390 3606 622 3717 patauren
640 3620 681 3682 rs
712 3590 968 3712 eprscopus
998 3603 1206 3711 propter
1236 3589 1331 3682 hoc
1363 3589 1499 3714 quod
1529 3593 1581 3683 in
1611 3592 1794 3685 scisma·

277 3725 331 3805 te
361 3709 719 3832 interregnum
749 3717 801 3798 et
818 3698 1148 3796 'sacerdotium
1177 3702 1345 3799 fauere
1376 3705 1636 3801 uidebatur
1664 3712 1795 3833 parti

278 3824 493 3921 aduerse.
524 3823 586 3916 ab
612 3821 905 3927 Innocentio
932 3820 1036 3913 IIII.
1058 3852 1190 3947 papa
1220 3822 1281 3917 ab
1314 3822 1461 3918 officii
1491 3836 1541 3918 et
1565 3824 1793 3921 beneficii

204 3966 211 3977 ¹
276 3941 549 4068 deponitur
578 3937 829 4079 dignitate.
870 3951 923 4032 et
954 3936 1182 4033 domiuus
1217 3940 1508 4065 perhtoldus
1539 3942 1692 4037 frater
1723 3943 1793 4037 al·

277 4059 409 4155 berti
441 4058 657 4183 episcopt
685 4054 1048 4183 Ratisponensts
1079 4054 1379 4154 substituitur.
1428 4063 1506 4153 cui
1538 4059 1690 4155 statim
1714 4092 1791 4155 ea*

315 4175 490 4273 itulum
521 4190 572 4269 et
603 4176 773 4269 ciuitas
803 4173 1095 4300 patauiensrs
1125 4205 1237 4268 cum
1264 4176 1651 4279 ¹ministerialibus
1676 4175 1793 4273 obe·

276 4210 388 4389 ldire
431 4306 669 4417 ceperunt
698 4292 1006 4386 unanimiter.
1051 4306 1101 4385 et
1122 4291 1326 4401 subesse.
1360 4310 1532 4393 contra
1567 4296 1792 4391 uolunta-

276 4428 382 4507 tem
422 4409 660 4505 chunradi
695 4412 839 4539 regis.-
880 4410 1169 4505 et‘Ottonis
1198 4408 1338 4505 ducis
1373 4411 1600 4515 bawarie.
1630 4412 1795 4539 predi·
1849 4458 1852 4463 ·

39 4582 46 4595 ·
220 4506 226 4513 ⁵
281 4544 364 4625 cto
397 4525 599 4653 Rstgero
641 4528 887 4655 episcopo.
919 4529 1127 4739 penitus
1163 4527 1413 4626 refutato·
1481 4532 1833 4627 Hermannus-

280 4646 501 4743 marchio
522 4642 584 4740 de
610 4645 786 4741 baden.
811 4647 895 4771 qui
935 4646 1001 4739 rbi
1022 4646 1336 4770 usurpauerat
1358 4646 1588 4743 ducatum
1610 4646 1792 4744 austrie.

279 4765 488 4914 moritur
507 4795 591 4859 ιιιι
620 4761 753 4859 Νοιι.
778 4764 1010 4889 octobris.
1043 4759 1592 5007 (llpppsgssatispomnses
1623 4762 1794 4979 irrrzlsio·
1845 4848 1850 4857 .
1900 4922 1903 4929 .
