4742 6067
711 487 790 579 uos
942 419 946 424 ’
1143 468 1646 597 x.cuu0urcou
1796 464 1804 479 “

650 683 759 777 tari.
791 680 875 776 vbi
898 677 1093 774 Vlricus
1116 674 1300 802 primus
1325 675 1683 770 Lauentinuse
1721 674 1914 801 iscopus
1935 676 1996 773 ab
2010 678 2148 803 'archi-
2178 665 2187 677 ⁸

649 799 885 926 episcopo
911 799 964 890 in
990 796 1273 921 episcopum
1301 792 1622 887 consecratur.
1742 796 1759 886 i
1795 807 1959 887 autem
1992 800 2147 924 princi·

648 946 739 1042 pes
761 912 1106 1009 interfuerunt.
1168 910 1434 1005 Heinricus
1456 939 1545 1004 rex
1564 909 1691 1005 filius
1721 908 1939 1005 friderici
1961 915 2145 1041 impera·
2177 975 2179 987 ·

649 1034 787 1129 toris.
827 1030 1095 1130 Ludwicus
1128 1028 1370 1124 Bawarie.
1401 1026 1693 1153 Leupoldus
1714 1026 1897 1123 austrie.
1929 1028 2149 1131 Pernhar·

654 1150 746 1245 dus
771 1150 1061 1245 Corinthiae.'
1104 1146 1231 1268 Otto
1254 1144 1495 1243 Meranie.
1548 1142 1712 1241 duces.
1765 1144 2026 1242 Hainricus
2048 1183 2152 1247 mar·

651 1268 768 1363 chio
802 1266 865 1393 de
899 1266 1102 1362 andhes.
1144 1264 1388 1390 Episcopi.
1431 1260 1747 1370 Eberhardus
1771 1262 1913 1359 Salcz
1951 1270 2153 1393 urgensis.

651 1386 967 1481 Hermannus
999 1381 1428 1508 Wirczpurgensrs.
1469 1378 1547 1474 Ek
1585 1398 1717 1476 crtus
1751 1295 2006 1480 babensser
2039 1387 2153 1483 ensis.

651 1501 952 1597 Gebhardus
977 1497 1283 1627 patauieniis.
1326 1496 1539 1599 Sisridus
1611 1500 1705 1594 atis
1734 1500 1938 1595 onensrs.
1978 1502 2153 1631 .ybot0

649 1618 971 1747 Augustensrs.
1001 1614 1576 1755 HeinricusAsiauiensrs.
1606 1532 1870 1743 Rridgerus
1894 1618 2154 1716 Chimensrs.

650 1734 866 1833 Karolus
892 1735 1210 1858 Secouiensrs.
1241 1734 1435 1833 Vlrrcus
1458 1734 1793 1851 Lauandinus.

773 1880 820 1957 Iu
845 1875 1032 2007 margine.
1067 1852 1261 1946 Vlricus
1285 1850 1337 1945 fit
1359 1850 1644 1989 prepositus
1659 1854 1804 1947 huius
1828 1851 1941 1948 loci.

773 1972 929 2067 M⁰.cc
950 1971 1099 2065 .xxx⁰.
1133 1968 1418 2109 Gregorius.
1446 2000 1508 2064 ur.
1580 1998 1675 2095 apa
1706 1985 1756 2066 et
1778 1971 2046 2097 imperator
2069 1972 2170 2073 Fri-1

652 2090 817 2187 dricus
839 2084 1170 2183 mediantibus
1191 2089 1499 2211 principibus
1578 2091 1818 2185 emannie.
1845 2086 2078 2185 uidelicet
2119 2122 2158 2185 a·
2301 2100 2303 2123 ²

647 2207 864 2305 triarcha
899 2238 928 2299 a
964 2204 1211 2331 uilegense
1243 2202 1529 2331 perhtoldo.
1589 2204 1907 2333 Archiepisco
1948 2238 1982 2303 o
2015 2123 2158 2303 Saic'z·

486 2441 490 2449 ‚
687 2321 874 2453 urgensr
896 2236 1202 2451 diethardo.
1245 2325 1477 2463 episcopo
1513 2325 1633 2419 rotis
1663 2324 1828 2420 onensr
1852 2326 1905 2420 Si
1956 2325 2051 2420 'd0.
2088 2358 2158 2420 au·

645 2358 758 2542 iiric
783 2436 1062 2567 Leupoldo
1094 2440 1321 2536 Meranre
1347 2442 1562 2561 Ottone„
1667 2444 1848 2538 rinthie
1873 2442 2160 2571 pernhardo.

650 2559 871 2677 ducibus.
906 2574 958 2654 et
991 2556 1277 2698 quibusdam
1312 2556 1422 2654 aliis
1458 2556 1522 2652 ad
1558 2559 1877 2655 concordiam
1907 2560 2157 2656 redierunt.

652 2696 707 2777 et
740 2676 970 2773 dominus
1003 2685 1276 2816 rmperator
1309 2673 1372 2771 ab
1404 2678 1924 2774 excommunicacione
1962 2677 2160 2773 soluitur.
2302 2798 2303 2805 Ν

621 2793 843 2923 etpost
875 2793 1254 2890 absolucionem.
1285 2796 1336 2888 in
1369 2792 1590 2918 hospicio
1627 2812 1678 2891 et
1712 2798 1877 2891 mensa
1909 2828 1939 2891 a
1975 2795 2158 2891 domino

649 2913 1059 3127 {isaim
1079 2909 2184 3159 disin„digissssfsississssdI'
2301 2990 2303 3075 ³

650 3150 758 3244 strie
784 3162 904 3273 aput
924 3147 1141 3243 sanctum
1217 3162 1469 3243 ermanum
1494 3147 1630 3243 obiit.
1663 3149 1799 3243 cuius
1823 3148 1920 3248 ossa
1942 3151 1997 3244 in
2019 3146 2160 3243 austri·

648 3300 731 3361 am
752 3265 884 3367 elata
905 3265 955 3357 in
979 3264 1059 3359 die
1082 3266 1234 3361 sancti
1253 3264 1456 3363 Andree
1480 3264 1685 3403 apostoli
1707 3268 1758 3359 in
1779 3267 2069 3364 monasterio
2093 3265 2161 3360 Li·
2302 3276 2303 3323 ἢ

652 3380 901 3479 renueld..
954 3382 1056 3477 uod
1081 3382 1214 3478 idem
1237 3383 1338 3479 dux
1371 3381 1631 3513 magmfico
1653 3414 1704 3479 o
1724 3414 1806 3479 ere
1844 3385 2161 3481 construxerat

510 3522 514 3524 ’
574 3574 577 3580 .
651 3516 708 3595 ut
726 3497 878 3595 hodie
903 3412 1067 3595 diaret.
1100 3502 1162 3595 ab
1184 3501 1552 3628 archiepiscopo
1578 3501 1624 3595 se
1664 3415 1891 3598 eiiunturss
1977 3596 1980 3601 ,
2300 3474 2303 3595 i

770 3616 1111 3715 M⁰.cc⁰.xxxi⁰.
1141 3618 1343 3743 Rapoto
1368 3620 1615 3745 palatinus
1676 3624 1856 3715 awarie
1871 3622 2010 3717 obiit.
2045 3614 2161 3721 Lud·
2301 3620 2303 3709 ἶ

648 3740 805 3835 wicus
832 3732 931 3829 dux
953 3718 1171 3831 baivarie
1227 3738 1419 3852 resente
1443 3735 1630 3831 familia
1652 3736 1733 3831 sua
1755 3736 2016 3863 aquodam
2037 3741 2053 3833 i
2085 3766 2160 3829 no·

606 3936 612 3945 .
646 3870 706 3953 -to
741 3876 937 4065 paffano
967 3853 1148 3948 insidiis
1186 3766 1376 3949 domini
1409 3853 1636 3948 friderici
1658 3858 1971 3981 imperatoris
2016 3768 2160 3952 cuine

464 4093 467 4097 ι
688 4002 804 4067 crcu
840 4003 909 4068 us.
931 3974 1027 4067 xvi.
1049 3972 1145 4067 kas
1173 3970 1391 4068 octobris
1415 3972 1551 4067 obiit.
1602 3969 1806 4079 ,Eodem
1837 4004 1971 4070 anno
1994 4004 2079 4102 pre
2117 4002 2160 4065 o·

523 4114 527 4119 ·
647 4006 762 4186 iitus
798 4088 941 4184 Salcz
977 4090 1189 4219 urgensis
1227 4089 1378 4184 abbas
1414 4090 1566 4184 sancti
1635 4093 1740 4185 etri.
1801 4106 1851 4185 et
1887 4092 2040 4187 abbas
2072 4004 2160 4185 id·
2279 4160 2281 4162 -

647 4206 823 4302 mrinsrs
860 4203 923 4299 de
942 4122 1165 4315 Iiiccncia
1201 4205 1389 4303 domini
1413 4238 1542 4333 pape
1614 4240 1666 4304 re
1703 4210 1807 4303 orii.
1833 4210 1894 4303 ix.
1925 4209 1992 4313 ab
2019 4206 2161 4304 archi·

649 4326 884 4453 episcopo
910 4324 1187 4463 eberhardo
1211 4327 1263 4420 in
1283 4321 1363 4418 die
1384 4325 1552 4463 sancto
1573 4238 1730 4467 passio
1755 4330 1885 4420 nutis
1900 4328 2160 4465 (probamus

646 4444 826 4567 mitris)
858 4442 1225 4569 pontificalibus
1248 4441 1357 4549 suot
1385 4441 1594 4656 msuiuitr
1618 4460 1668 4577 et
1690 4444 2003 4573 priuilegrati.
2075 4444 2161 4544 Eo·

648 4560 767 4656 dem
794 4591 925 4655 anno
949 4559 1290 4681 monasterium
1316 4562 1484 4656 monia
1506 4562 1604 4656 ium
1636 4561 1960 4687 cysterciensis
1985 4560 2160 4660 ordinis

644 4708 679 4774 a
702 4674 928 4775 ludmilla
954 4677 1130 4775 ducissa
1154 4680 1207 4773 in
1231 4676 1493 4776 Landshiit
1516 4678 1817 4775 construitur.
1978 4687 1980 4693 ’

765 4823 811 4897 In
835 4842 964 4921 marg.
993 4797 1255 4891 Heinricus
1278 4798 1468 4921 primus
1503 4798 1647 4893 huius
1680 4798 1793 4922 ioci·
1815 4794 1871 4893 fic
1900 4794 2161 4929 preposrius

641 4913 832 5014 ordinis
855 4914 1314 5040 premonstratensis.
1886 5002 1889 5007 .
2039 4911 2111 5008 M
