4742 6067
729 508 1323 588 OSTERHOVIENSE.
1521 520 1525 527 '
1677 536 1750 611 495

404 708 718 809 Miccfflxvs.
749 700 1075 808 innocencius
1109 722 1239 839 papa
1275 713 1361 805 iii¹¹⁸
1400 710 1462 804 ab
1493 711 1615 831 urbe
1650 742 1677 806 e
1715 712 1804 805 res·

281 828 375 920 sus.
407 827 611 919 uerbum
645 831 799 923 crucis
831 831 882 922 iu
905 830 1083 922 Tuscia
1113 827 1402 953 predicauit.
1435 845 1486 923 et
1511 846 1631 967 aput
1698 847 1803 923 eru-‘

286 942 399 1036 srum
433 946 681 1038 ciuitatem
722 948 772 1038 iu
814 944 1048 1041 diuisione
1088 944 1420 1071 apostolorum
1456 947 1593 1042 obirt.
1635 946 1802 1071 ibique

285 1058 500 1182 sepultus
537 1061 613 1155 est.
676 1063 928 1173 Honorius
954 1066 1018 1158 iii.
1049 1080 1178 1191 papa
1210 1062 1511 1157 substituitur.
1543 1054 1668 1161 ordo
1693 1094 1804 1190 pre·

257 1176 560 1272 dicatorum
599 1180 797 1283 inicium
835 1182 986 1277 sumit.
1399 1236 1402 1243 ·

407 1294 734 1415 M⁹.cc⁰.r'cvij⁰.
767 1296 876 1393 Rex
910 1300 1110 1423 ungarie
1147 1294 1389 1392 Andreas.
1430 1312 1481 1392 et
1514 1294 1804 1510 Leugoldus

286 1410 389 1503 dux
419 1410 606 1505 Austris
640 1430 704 1507 et·
726 1415 850 1509 ouo
886 1414 985 1507 dux
1021 1415 1261 1509 Meranie.
1340 1414 1589 1510 Ekbertus
1658 1414 1805 1510 aben·

288 1527 530 1655 bergensis
567 1531 837 1743 episcogms.
888 1540 939 1627 et
984 1533 1250 1626 aiiiemulti
1294 1533 1499 1627 comites
1541 1547 1593 1627 et
1625 1531 1806 1625 milites

290 1676 401 1854 cun}
436 1678 582 1745 mauu
621 1650 719 1741 uali
754 1654 785 1744 a
817 1648 1254 1745 transsr·etauer·uut
1296 1647 1360 1743 ad
1393 1648 1668 1745 subcursnm
1710 1662 1809 1741 ter·

290 1790 344 1855 re
395 1778 552 1857 aucte.
1769 1786 1773 1795 '

291 1997 556 2123 Straubiug
587 1998 861 2093 construere
897 2001 1042 2208 cefisit.

208 2199 212 2206 .
411 2112 720 2206 M⁰.cc⁰.xix⁰.
750 2117 892 2209 otto
936 2118 999 2207 ai
1037 2112 1202 2207 nando
1245 2116 1515 2237 imperator
1557 2116 1811 2212 asenten·
1895 2141 1898 2147 ’

170 2242 173 2248 ⁴
293 2231 368 2322 cia
398 2229 960 2356 'excommunicacionis
1002 2146 1251 2324 {insolutus
1319 2230 1443 2323 obiit
1498 2245 1560 2339 et,
1626 2230 1813 2357 regalia

293 2347 398 2472 regi
422 2342 642 2440 Fridrico
669 2346 880 2473 reliquit.
940 2346 1295 2446 Secouiensrse
1333 2347 1576 2471 iscopatus
1608 2349 1813 2443 adomi-

294 2494 362 2556 uo
395 2462 624 2557 Honorio
658 2496 788 2589 papa
824 2480 1027 2559 creatur.
1081 2478 1132 2558 et
1164 2378 1379 2573 Karoihs
1411 2462 1673 2562 frisacensrs
1705 2493 1814 2603 pra·

296 2580 475 2705 positus
501 2580 668 2674 eidem
699 2580 800 2675 sedi
832 2580 1091 2707 preficitur.
1154 2578 1350 2676 Eodem
1382 2612 1513 2678 anuo
1550 2582 1815 2677 concihum

295 2697 599 2823 prouinciale
632 2730 662 2789 a
693 2698 897 2793 domino
930 2697 1220 2793 Eberhardo
1264 2698 1427 2793 archie
1466 2700 1631 2825 iscopo
1651 2697 1815 2794 Saicz-
1912 2818 1914 2824 A

193 2940 196 2945 Ι
293 2814 514 2944 purgeusi
560 2814 847 2910 celebratur.
882 2832 950 2932 'et
985 2814 1252 2913 Ludwicus
1288 2814 1388 2911 dux
1425 2732 1641 2913 sanaris
1682 2817 1817 2941 cepit

297 2932 631 3025 municionem
659 2936 869 3027 ciuitatis
896 2934 1026 3029 Hall.
1057 2937 1108 3027 in
1135 2948 1304 3027 monte
1338 2936 1421 3059 qui
1449 2932 1626 3032 dicitur
1654 2931 1815 3045 Grivt,

202 3090 205 3095 ·
300 3080 395 3186 quc
435 3047 602 3175 postea
632 3051 694 3143 ab
733 3052 1101 3176 archiepiscopo
1144 3049 1382 3145 destructa
1414 3048 1489 3147 est.
1581 3050 1816 3147 Damiata

297 3168 468 3260 ciuitas
537 3170 704 3292 agauis
735 3167 1008 3262 interfectis
1039 3198 1069 3260 a
1090 3166 1356 3262 christianis
1378 3182 1613 3293 potenter
1644 3167 1708 3262 est
1729 3164 1817 3261 ob·

298 3282 421 3377 sessa.
493 3198 569 3378 io
602 3299 825 3410 tempore
855 3286 1038 3381 ulricus
1068 3284 1359 3407 patauiensis
1393 3286 1651 3425 episcopus
1683 3314 1740 3423 ce
1778 3284 1819 3377 it

196 3438 200 3447 ·
298 3399 573 3495 construere
599 3400 795 3495 castrum
822 3405 873 3494 in
897 3416 1065 3495 monte
1091 3403 1241 3494 sancti
1268 3400 1453 3511 Georir.
1517 3400 1710 3513 Ottofr
1762 3426 1815 3493 n·

297 3518 450 3644 gensis
475 3519 733 3645 episcopus
762 3512 898 3611 obiit.
931 3521 1009 3611 cui
1035 3516 1286 3611 Geroldus
1316 3517 1543 3614 succedit.
1602 3598 1604 3601 .
1804 3611 1806 3617 .

415 3637 491 3729 Eo
533 3650 757 3759 tempore
802 3634 927 3725 obiit
956 3632 1245 3727 Waltherus
1288 3635 1432 3767 huius
1451 3648 1454 3655 ’
1472 3636 1572 3730 1οοὶ
1591 3630 1814 3845 Kreposi·

297 3766 389 3845 tus.
423 3753 502 3844 cui
532 3750 747 3844 succedit
777 3749 1054 3876 Geruugus.
1137 3746 1330 3843 Eodem
1362 3778 1495 3845 anno
1532 3784 1588 3847 ca
1765 3754 1775 3772 '

300 3868 457 3963 abach
489 3865 717 3963 domiuus
740 3862 1007 3962 Ludwicus
1039 3863 1140 3959 dux
1171 3861 1379 3963 edificat

161 3982 173 4095 ζ
275 3985 282 3995 ’
415 3984 692 4079 M⁹.cc⁰.xrr.
723 3985 933 4081 Sanctus
978 3980 1203 4077 Thomas
1251 3984 1593 4084 cantuariensis
1631 3982 1831 4113 episco·‘

296 4136 393 4230 pus
410 4116 500 4313 ssett
529 4105 696 4312 marffir
750 4100 812 4196 ab
860 4102 1074 4199 honorio
1118 4132 1250 4230 papa
1297 4102 1438 4197 missis
1484 4100 1817 4203 cardinalibus
1895 4174 1898 4183 -

299 4236 409 4314 trau
451 4252 480 4312 a
502 4250 617 4314 use
657 4293 667 4313 .
1228 4248 1230 4253 ’

414 4338 566 4433 Anno
597 4334 789 4432 domiui
818 4335 880 4430 ab
911 4336 1260 4434 incarnacione
1292 4334 1379 4433 Mt
1405 4339 1488 4433 cc⁰.
1512 4338 1606 4433 xrs.
1637 4332 1816 4435 Fridri·

301 4484 386 4548 cus
411 4454 458 4549 ii.
490 4469 755 4549 coronatus
785 4452 891 4547 suit.
921 4454 973 4547 in
1003 4455 1352 4579 imperatorem
1383 4451 1639 4555 adomino
1660 4454 1816 4553 hono·

299 4574 375 4667 rio
406 4601 536 4698 papa
564 4573 645 4667 iis.
675 4573 728 4665 in
750 4570 941 4665 basilica
971 4569 1123 4666 sancti
1152 4570 1302 4666 Petri
1392 4570 1542 4667 Anno
1576 4572 1717 4698 regni
1746 4571 1817 4667 sui
1943 4684 1947 4693 ,

300 4689 399 4785 viii.
430 4691 491 4786 ab
526 4688 722 4817 augusto
747 4690 907 4815 pruno
939 4706 1044 4781 xc¹¹³·
1109 4688 1206 4781 Hic
1238 4686 1300 4782 ab
1319 4685 1540 4789 ¹insaucia
1570 4689 1631 4782 ab
1651 4687 1815 4805 eccle·

279 4805 363 4902 ssa
392 4824 642 4938 tamquam
669 4837 761 4935 per
790 4820 996 4905 matrem
1028 4802 1277 4907 educatus.
1301 4820 1366 4919 et·
1389 4802 1454 4905 ad
1483 4806 1676 4933 imperii
1693 4802 1816 4901 salii·

1495 5050 1498 5055 Ι
1592 4924 1761 5051 ’,ςίυω

409 1878 756 1977 Μ”.οε“.κνίἰί“.
787 1881 1054 1980 Ludwicus
1097 1881 1198 1975 dux
1231 1880 1455 1979 Bawarie
1488 1878 1728 2009 oppidum
1758 1882 1810 1975 in
1918 2000 1930 2011 ,
1998 1956 2002 1965 .

1626 3780 1816 3850 rumru
1895 3766 1930 3807 ⁸
