4742 6067
533 421 535 424 ’
702 463 779 562 ns
1165 438 1219 513 n.
1270 432 1683 515 cnnomcon-
1731 418 1737 501 ⁴.

660 716 665 727 .
708 724 713 739 .
763 640 959 741 Eodem
983 670 1115 736 anno
1139 672 1184 738 v.
1209 638 1325 735 Idus
1347 636 1653 765 Septembn‘e
1675 632 1801 732 obiit
1822 633 2053 737 dominus
2070 644 2148 741 Ot-

642 781 698 861 to
720 762 834 862 Rex
856 763 1071 888 vngarie.
1097 756 1197 851 dux
1216 754 1456 851 Bawarie.
1487 768 1726 851 et-comes
1751 754 2002 881 palatinus
2021 756 2168 859 Reni-

379 900 382 908 .
487 942 495 951 ,
641 884 858 1022 χεοςρῐὶε
881 877 1211 977 sacramentis
1234 872 1574 971 Ecclefiasticis
1604 873 1658 967 in
1683 869 1873 1085 ofpido
1897 864 2148 981 Lanczhut.

644 1016 697 1098 et
734 1031 782 1093 m
821 996 1026 1092 claustro
1060 992 1358 1089 Monialium
1389 988 1574 1087 ibidem
1603 988 1716 1115 sepe
1739 993 1846 1085 itur.
1878 991 2155 1119 relinquens:

639 1116 747 1246 post
788 1118 835 1211 se
877 1110 1117 1221 heredem
1159 1112 1365 1206 nomine
1401 1100 1690 1203 Heinricum
1732 1138 1795 1203 ex
1839 1106 2042 1205 domina
2079 1115 2157 1211 sua.

648 1248 828 1363 agnete
843 1230 1099 1443 tpenaten)
1130 1258 1283 1322 vxore
1314 1228 1407 1321 sua.
1439 1222 1616 1319 ducissa
1641 1220 1868 1321 Gloauie.
2217 1294 2220 1303 .

762 1352 840 1445 Eo
879 1379 959 1443 em
988 1376 1121 1441 anno
1154 1339 1681 1441 dominusGuilermus
1709 1342 2117 1471 premonstratens
2142 1422 2150 1443 .

645 1482 700 1564 et
728 1466 957 1562 dominus
979 1464 1158 1559 Petrus
1184 1460 1492 1557 Cuffiacenfis
1520 1459 1738 1557 abbates.
1769 1458 2017 1559 obierunt.

763 1584 851 1679 Μ’.
876 1585 990 1679 ccn‘.
1013 1582 1129 1676 xiii⁰.
1179 1580 1429 1699 Dominus
1467 1574 1759 1675 Chunradus
1780 1574 2151 1705 Ratisponenii

642 1703 808 1829 ‘episeo
848 1701 993 1795 usim
1006 1694 1260 1819 Kalendas
1282 1694 1516 1791 februarii
1541 1693 1673 1789 diem
1697 1691 1861 1789 clausit
1880 1712 2151 1797 extremum.

645 1822 725 1916 cui
755 1734 1102 1958 subsequenter
1132 1816 1183 1907 in
1213 1812 1467 1911 kathedra.
1495 1812 1542 1907 S.
1568 1811 1989 1909 Petrielectione
2026 1848 2152 1912 cano·

453 1938 476 1967 ⁶
643 1939 758 2036 nica
794 1934 1023 2032 dommus
1057 1930 1296 2027 Nicolaus
1328 1928 1481 2055 Regis
1512 1926 1720 2023 Boemie
1752 1926 2153 2055 Prothonotarius

462 3548 465 3554 ,
494 3440 498 3448 ’
645 3451 928 3567 sanctissimi
946 3455 999 3546 in
1023 3452 1196 3549 christo
1219 3466 1398 3578 patus,
1430 3447 1617 3544 domini

643 2052 787 2179 ipsius
824 2049 1023 2148 eccleiie
1064 2049 1333 2142 canonicus
1365 2044 1634 2163 succedit(
1861 2158 1864 2163 ,

764 2168 959 2265 Eodem
990 2196 1121 2261 anno
1153 2166 1234 2284 iiij.
1265 2162 1518 2259 Kalendas
1535 2160 1749 2291 -Augussi
1780 2162 1906 2263 obiit
1942 2164 2148 2263 dominus

534 2380 539 2387 .
644 2286 989 2392 Wernhardus
1018 2280 1317 2379 Patauienlis
1359 2281 1631 2419 episcopus.
1662 2283 1740 2379 vir
1769 2313 1864 2408 pro
1893 2286 2157 2380 mansueto·

645 2404 761 2507 dine
784 2404 971 2531 Moysy
1000 2430 1060 2495 co
1129 2398 1266 2495 ualis.
1298 2413 1350 2493 et
1377 2429 1431 2495 m
1455 2398 1535 2493 fua
1557 2394 1848 2510 kathedrali
1860 2400 2062 2499 ecclesia
2082 2404 2160 2497 sub·

558 2568 560 2573 v
646 2520 914 2617 Testudine
954 2522 1009 2620 in
1037 2514 1100 2611 ab
1136 2515 1197 2612 de
1230 2516 1405 2611 dextra
1435 2546 1581 2643 quam
1622 2546 1651 2608 a
1680 2512 1837 2615 fundo
1870 2538 2148 2615 erexerata

644 2638 850 2747 domino
900 2631 1098 2733 Aniensi
1138 2666 1166 2729 e
1204 2634 1371 2761 iicopo
1412 2631 1656 2757 sepelitur.
1711 2635 2021 2761 presentibus
2051 2652 2146 2733 octo
2280 2658 2282 2675 ‘

644 2756 850 2885 prelatis
880 2755 961 2853 sue
995 2666 1249 2968 Dfoceits.
1281 2766 1333 2845 et
1363 2750 1497 2849 clero
1528 2748 1670 2879 ipufis
1701 2752 1934 2849 ciuitatis.
1964 2756 2041 2850 cui
2066 2756 2157 2854 suo·
2280 2810 2282 2895 3

647 2873 782 2983 cedit
808 2871 1108 2970 venerabiis
1139 2863 1190 2969 et
1221 2868 1331 2967 de'o·
1351 2869 1563 2967 deuotus
1589 2866 1838 2977 Albertus.

661 3078 672 3189 '¹
715 3065 821 3157 Tum
834 3066 992 3187 seculi
1022 3064 1078 3155 X
1079 3058 1126 3156 Vi
1166 3092 1300 3153 mann
1318 3062 1474 3185 ⁴adhuc
1483 3062 1723 3181 stquetztt'a
1751 3064 1976 3157 adnotata
1985 3070 2097 3189 sunt

766 3219 839 3315 M.
853 3250 950 3313 ccc.
965 3217 1060 3314 lxv.
1092 3216 1423 3314 Illustriffimus
1445 3214 1785 3314 Romanorum
1807 3220 2086 3347 imperator.
2105 3234 2149 3313 et
2281 3228 2282 3243 ‘

645 3333 854 3447 Boemie
888 3334 1014 3429 Rex.
1044 3337 1259 3431 Karolus
1296 3347 1509 3473 qnantum
1542 3330 1605 3425 ad
1642 3364 1824 3546 effrenes·
1858 3352 1911 3433 et
1937 3336 2155 3469 mandata.
2281 3430 2282 3463 ἔ

1688 3482 1829 3549 ram
1884 3487 1911 3549 a
1953 3474 2043 3552 ev¹
2076 3486 2151 3548 an·
2219 3504 2226 3521 ·

645 3604 715 3668 no
743 3568 1066 3666 Pontificatus
1097 3571 1166 3666 sui
1199 3570 1373 3669 tercio.
1398 3582 1512 3664 met
1545 3570 1679 3663 octin
1715 3587 1829 3667 ente
1849 3490 1986 3689 tmiis.
2016 3573 2143 3697 Equi·

647 3705 766 3799 tnm.
796 3689 848 3783 io
873 3686 1089 3785 crastino.
1112 3684 1401 3783 ascensionis
1425 3682 1625 3803 domini:
1644 3599 2142 3787 milamintrauitAui·

645 3804 946 3917 nionensem.
978 3805 1066 3907 vbi
1086 3803 1193 3924 iere
1215 3837 1329 3905 wcum
1351 3800 1485 3898 dicto
1509 3801 1726 3902 domino.
1753 3840 1882 3937 papa
1903 3810 2055 3905 tribus
2075 3806 2142 3901 eb·

648 3921 876 4035 domadis
912 3920 977 4015 en
1011 3931 1242 4018 moratus.
1274 3935 1326 4017 et
1356 3918 1542 4015 ibidem
1573 3918 1673 4017 duo
1707 3924 1873 4066 mundj
1907 3930 2073 4054 capita.
2101 3925 2151 4016 in.

509 4054 512 4058 ’
645 4042 729 4137 die
760 4036 1076 4137 Pentecostes
1113 4042 1167 4135 in
1202 4039 1295 4135 fuis
1329 4034 1702 4135 Pontificalibus
1742 4074 1799 4135 ac
1828 4074 1894 4139 im
1934 4042 2154 4139 erialibus·

647 4158 818 4265 diuina
885 4172 1158 4284 etegerunt
1189 4156 1502 4253 presentibus
1533 4154 1753 4254 ducibuS.
1785 4158 1847 4256 de
1916 4164 2037 4279 tetin
2057 4156 2142 4252 Ru·

647 4274 793 4385 dolfo
860 4304 888 4367 e
913 4272 1124 4400 Bouaria
1150 4276 1331 4373 comite
1356 4274 1486 4368 Reni
1507 4272 1748 4372 Palatino.
1773 4276 1835 4372 de
1863 4278 2155 4407 Oppelhaim·

645 4394 693 4491 i·.
725 4391 788 4489 de
823 4391 871 4487 T
873 4390 1050 4487 eschin.
1079 4394 1109 4514 j.
1141 4389 1429 4487 Comitibus.
1464 4392 1685 4487 Iohanne
1727 4392 1789 4489 de
1822 4395 2156 4517 Leutenberg,..

645 4426 712 4607 de
732 4509 964 4637 sobogia.
996 4508 1058 4604 de
1079 4508 1500 4634 Schwattzputch.
1532 4510 1621 4603 &o
1681 4510 1874 4609 Eodem
1897 4546 2039 4610 anno.
2066 4510 2140 4605 So·

644 4630 801 4738 eietas
825 4658 1014 4768 magna.
1035 4630 1178 4723 venit
1200 4626 1260 4721 ad
1286 4643 1451 4755 partes
1473 4624 1616 4723 Reni.
1636 4628 1819 4727 scilicet
1837 4649 1952 4733 ante
1972 4632 2154 4769 Argen-3

645 4748 815 4851 onam.
845 4745 931 4844 vb1
955 4744 1020 4842 est
1043 4744 1224 4875 fugata.
1930 4892 1934 4903 ,
2026 4859 2080 4960 Μ
