4742 6067
587 432 681 531 ,54
785 341 789 350 ¹
979 407 1135 495 ¹¹nr
1184 375 1522 531 xuourrur.
1608 414 1669 443 Ι·
1793 504 1797 509 ,
1927 463 1931 473 -

498 654 504 670 ’
530 622 748 732 Nobiles
782 632 834 715 et
853 618 1066 716 humiles
1087 618 1286 715 funibus
1309 616 1514 728 nodare.

536 740 714 835 Vrbes.
747 738 906 834 castra.
935 740 1100 834 menia
1164 738 1324 835 rorsus
1356 735 1686 863 complanare.

515 912 518 918 ·
534 857 675 1071 Βοὴ.
705 888 800 953 nec
833 855 898 952 esi
927 859 1082 951 uirtus
1131 887 1245 951 acra
1273 853 1601 984 prophanare.

338 977 352 993 ”
595 1005 731 1071 amus
752 975 851 1070 hoc
877 974 1125 1070 consilium
1147 1002 1327 1101 papam
1359 973 1593 1070 exultare.
1706 1071 1711 1079 ,

537 1090 756 1189 Paciaris
779 1092 909 1188 alibi.
940 1122 1054 1185 nam
1076 1090 1108 1184 sr
1131 1094 1206 1187 uis
1231 1090 1430 1187 obstare.

540 1206 798 1305 Friderico
821 1210 983 1303 cesari.
1012 1208 1072 1303 sc
1097 1240 1190 1304 vos
1211 1212 1253 1305 is
1280 1241 1387 1324 com
1429 1208 1569 1303 escet.

542 1322 700 1422 Gens,
734 1342 786 1422 et
807 1329 1061 1454 generatio
1085 1326 1247 1421 nollro
1278 1326 1338 1423 src
1405 1326 1616 1453 upescet.

442 1470 446 1480 ·
540 1442 701 1655 guod
731 1446 955 1569 mingens
986 1441 1050 1539 ad
1078 1446 1320 1571 parietem
1352 1476 1379 1539 e
1410 1445 1557 1539 nobis
1588 1472 1692 1538 non
1723 1442 1960 1541 canescet.

428 1667 433 1674 .
589 1560 786 1657 auditur
816 1554 1078 1655 consrlium.
1110 1592 1210 1687 quo
1242 1560 1393 1656 uadat
1414 1593 1553 1687 papa
1578 1560 1742 1657 nescit.

544 1678 579 1771 S
617 1680 711 1773 irat
734 1678 1031 1795 adiutorium
1053 1678 1210 1773 christi
1241 1682 1326 1805 qui
1357 1680 1637 1775 consuescit.
1758 1738 1765 1749 -

597 1825 672 1891 on
686 1794 827 1889 tarda
849 1796 1124 1889 mollimina
1148 1812 1394 1923 oportune
1428 1795 1584 1894 datur.

542 1912 832 2009 Alexander
859 1914 1086 2041 protinus
1115 1946 1248 2041 papa
1271 1914 1563 2012 consolatur.
1603 1945 1606 1955 ¹

658 2148 792 2244 Ecce
823 2144 924 2242 dux
954 2148 1017 2243 de
1046 2146 1353 2245 brunsweich
1376 2150 1673 2276 proscriptus
1708 2144 1909 2245 audito

540 2264 697 2478 guod
716 2264 876 2393 fugari
903 2265 1088 2361 francie
1118 2298 1299 2392 papam
1327 2298 1417 2379 rex
1444 2281 1546 2361 tam
1577 2270 1692 2364 cit0.

417 2450 420 2457 -
585 2400 802 2505 onuocat
830 2384 1073 2478 miliciam.
1096 2399 1156 2478 et
1183 2414 1275 2511 pro
1306 2416 1372 2510 pa
1409 2383 1617 2481 a'uadit.
1777 2408 1806 2510 J
1838 2494 1843 2499 ,

464 2594 469 2603 .
541 2501 708 2621 Quem
723 2499 857 2595 ducit
886 2498 950 2595 ad
979 2502 1187 2619 saxones
1217 2533 1311 2597 nec
1343 2416 1405 2597 ab
1438 2533 1499 2598 eo
1532 2501 1678 2598 cadit.

388 2696 392 2704 s
539 2615 676 2713 lnfra
703 2616 860 2714 lustra.
890 2620 1000 2741 iuj0r·
1031 2618 1193 2747 cysma
1222 2620 1405 2713 malum
1423 2621 1618 2717 *crescit

540 2734 741 2863 Spargit
770 2734 1036 2831 multifarie
1069 2766 1246 2861 uepres
1279 2751 1331 2831 et
1355 2737 1633 2833 crebrescit.
1712 2797 1716 2807 -
1804 2838 1806 2843 ,

544 2852 879 2946 Octauianum
908 2850 1069 2948 statuit
1099 2855 1232 2951 cesar
1257 2884 1437 2983 papam
1469 2855 1617 2950 ceffit.

481 2983 491 3071 ,’
539 2965 694 3062 Miser
722 2969 893 3065 subito.
1004 2970 1188 3097 idoque
1218 2971 1446 3067 successrt.

283 3119 288 3136 ⁸
418 3198 423 3207 Ι
541 3083 634 3181 lue
663 3117 759 3182 nec
791 3088 937 3184 catho
959 3090 1096 3219 icum·
1118 3088 1266 3185 finem
1295 3092 1445 3185 morti
1474 3090 1632 3187 soluit.

553 3414 558 3422 ,
660 3318 813 3417 Vnde
839 3323 970 3418 cesar
998 3320 1213 3454 stupidus
1245 3325 1409 3420 animo
1439 3325 1669 3421 reuoluit.
1795 3332 1798 3339 ’
1917 3423 1920 3429 .

541 3436 681 3651 guid
706 3439 821 3534 esset
850 3438 988 3567 quod
1007 3439 1207 3537 faceret.
1236 3440 1385 3537 sidem
1409 3441 1554 3568 quod·
1580 3442 1795 3565 resoluit,
1905 3514 1908 3520 Α

590 3588 617 3650 e
681 3556 819 3653 endit
849 3557 986 3683 quod
1015 3554 1190 3655 deuius
1218 3562 1364 3654 nimis
1394 3562 1670 3657 temerauit.

542 3676 592 3770 A
640 3675 786 3769 alutis
816 3677 988 3803 regula
1016 3679 1211 3803 prorsus
1242 3676 1479 3773 deuiauit.

546 3790 701 3911 Quod
729 3823 819 3887 rex
846 3790 1118 3923 babylonie
1151 3794 1235 3889 srbi
1265 3796 1585 3921 comparauit.

540 3906 805 4008 Induratus
833 3911 1022 4049 pharao
1052 3909 1148 4008 fine
1181 3942 1279 4038 quo
1310 3911 1527 4052 srgnauit.
1677 3974 1678 3979 κ

543 4026 746 4121 Exitum
777 4030 1023 4153 qurescere
1057 4027 1207 4125 corde
1231 4028 1509 4124 destinauit.

545 4140 767 4238 Obedire
798 4147 996 4241 uictima
1023 4178 1200 4276 magna
1227 4148 1491 4275 reputauit.

545 4257 676 4356 Nam
706 4260 872 4358 salutis
902 4265 1096 4360 ianuam
1127 4296 1155 4359 e
1185 4264 1372 4392 scriptis
1402 4264 1610 4357 notauit.

546 4374 694 4473 Tunc
727 4380 1082 4478 obedienciam.
1114 4414 1261 4508 quam
1289 4384 1525 4497 uirtutum
1547 4382 1699 4500 uiam.
1851 4398 1859 4452 ¹
1897 4468 1903 4478 .

546 4496 841 4623 Augustinus
872 4498 1069 4594 indicat.
1101 4516 1152 4595 et
1180 4499 1343 4596 salutis
1374 4500 1531 4593 sciam.
1758 4616 1760 4619 .

547 4610 718 4711 Morte
750 4646 951 4742 quoque
983 4619 1251 4712 criminum.
1283 4615 1367 4710 ista
1395 4613 1572 4709 uidens
1603 4616 1755 4755 pauit.

543 4728 710 4831 Dolet
739 4765 836 4863 que
871 4748 1118 4829 auerterat
1135 4735 1193 4831 se
1224 4748 1417 4830 tantum
1444 4746 1656 4831 uocaurt.
1687 4806 1719 4829 .,
1801 4800 1804 4807 ι
1862 4840 1943 4946 Ρ.

830 4877 832 4880 ’
1662 4888 1664 4896 ’
1905 4870 2002 4942 nn·
