4742 6067
812 471 1292 582 ran-sacensn.
1591 458 1592 461 ’
1686 503 1764 583 ne
1815 500 1819 507 ·

285 712 399 809 pum
435 677 657 801 exercitu
687 676 849 776 minus
884 675 1133 807 expedito·
1158 681 1374 779 httranit.
1396 682 1507 779 ⁸cni
1556 679 1813 785 heinricus

288 800 390 897 dux
412 830 522 894 cum
547 795 700 892 fratre
720 799 805 892 luo
831 795 1064 893 lwdwico
1089 798 1314 923 palatino
1335 796 1465 895 Reni
1487 802 1695 896 uiriliter
1718 802 1808 899 oh-
1932 916 1936 925 ⁸

287 923 442 1012 uians.
486 917 639 1058 ipsum
677 913 740 1009 de
780 912 957 1037 linibus
993 916 1087 1011 suis
1119 914 1322 1041 fugauit.
1379 932 1430 1011 et
1459 916 1516 1011 lrc
1548 916 1833 1045 predictus

274 1083 278 1089 ¹
285 1030 726 1161 rex‚·qu1buldam
745 1034 839 1127 luis
862 1033 1057 1149 occisis,
1088 1032 1222 1161 apud
1244 1032 1497 1151 Muldorf‚
1518 1035 1808 1162 quibusdam
1898 1076 1912 1109 ⁷

287 1151 552 1249 submersis.
582 1142 1122 1276 quibusdamineendio
1146 1152 1485 1249 conerematis.
1515 1152 1580 1247 ad
1602 1160 1805 1292 propria
1868 1218 1876 1223 -
1946 1225 1948 1231 s

286 1272 451 1367 minus
486 1268 690 1372 honeste
721 1272 998 1365 reuertitur.
1041 1368 1044 1373 ,
1144 1268 1407 1396 Philippus
1439 1272 1803 1399 ⁸arciepiscopus
1943 1362 1948 1371 .

279 1387 401 1493 ‚Salz
438 1386 651 1519 urgensis
662 1383 927 1493 secundum
948 1386 1201 1483 decretum
1223 1385 1433 1483 domini
1471 1420 1565 1515 ape
1587 1388 1806 1485 Alexan·
1874 1443 1878 1448 ·
1978 1416 1980 1423 ’

293 1504 376 1622 dri¹
391 1420 681 1645 rieponitpr,
695 1506 938 1603 etvlricus
962 1498 1219 1634 episcopus
1245 1422 1497 1641 Secuenhs
1511 1508 1804 1631 (mcovicofis)

289 1656 385 1752 pro
410 1656 473 1720 eo
497 1628 564 1720 eli
598 1638 708 1720 rtur.
1510 1683 1514 1693 -

406 1742 478 1837 Μ.
493 1654 607 1840 cci.
619 1740 718 1839 viii.
747 1740 1111 1879 Electiovlrici
1135 1740 1263 1877 arcie
1301 1741 1801 1884 iscopi·Salzpurgen-'

286 1859 346 1955 lis
369 1856 533 1975 Rome
554 1856 881 1959 confirmatur.
926 1874 978 1954 et
1010 1874 1161 1957 etiam
1193 1772 1378 1954 singem
1410 1892 1464 1954 rn
1493 1863 1805 1986 Arcrepilco-

48 1968 53 1976 .
192 1997 195 2002 ,
285 2009 407 2101 pum
430 1978 751 2074 consecratur.
782 1990 834 2071 et
853 1991 1059 2116 propter
1079 1974 1177 2070 hoc
1201 1974 1401 2070 ecclelia
1422 1975 1797 2107 Salzpurgenfis.

286 2083 471 2216 vhique
497 2094 725 2191 locorum
757 2122 849 2217 per
882 2091 1138 2191 dominum
1169 2089 1336 2217 Philip
1376 2110 1544 2188 umet
1574 2094 1796 2191 fautores

286 2208 399 2305 suos
422 2209 562 2304 multi
599 2209 759 2305 liciter
779 2211 966 2333 rapinis
979 2224 1030 2304 et
1051 2204 1294 2302 incendiis
1355 2208 1606 2306 euastetur.

313 2407 316 2410 .
350 2371 357 2385 ·
406 2322 479 2421 M.
494 2242 606 2423 cci.
619 2328 735 2425 viiii.
765 2322 963 2423 Tartari
977 2324 1361 2463 Gracovienlem
1382 2329 1691 2453 prouinciam
1713 2324 1798 2424 de·
2089 2382 2091 2391 ·

287 2441 610 2541 ualiauerunt
686 2442 785 2541 ‘Ste
822 2442 981 2539 hanus
1002 2465 1092 2539 rex
1112 2474 1178 2537 vn
1212 2474 1312 2539 ane
1335 2444 1631 2553 karinthiam
1663 2444 1796 2544 ferro

288 2574 343 2655 et
364 2562 479 2688 igne
501 2562 686 2662 inuasit
776 2474 912 2659 istas
935 2558 1097 2656 calida
1116 2472 1318 2658 ethcca
1424 2586 1459 2697 J
1789 2620 1795 2632 ·
1903 2576 1909 2591 ’
2039 2560 2045 2567 ’

387 2678 637 2790 1Μ.οο.1)(.
666 2680 789 2777 Duo
819 2677 989 2807 Reges
1024 2678 1327 2777 Boemorum
1351 2680 1601 2776 Otakarus
1636 2689 1798 2778 et·v'n··

235 2805 240 2810 '
319 2826 517 2892 arorum
540 2798 766 2895 collectis
790 2812 1089 2903 armatorum
1110 2796 1389 2923 legionibus
1416 2800 1547 2893 circa
1569 2798 1691 2895 fines
1715 2832 1799 2895 au*

23 2937 27 2949 '
79 2966 93 2973 -
268 2928 271 2931 ’
347 2916 394 3009 ie
419 2916 1032 3011 exammare'conueniunt
1063 2917 1194 3010 uires
1214 2915 1348 3011 suas..
1391 2915 1504 3011 Rex
1522 2945 1644 3011 uero
1668 2918 1800 3014 Boo·
1956 2994 1959 3000 .
2010 2926 2025 2939 ‘

286 3060 480 3149 morum
501 3034 617 3159 quia
637 3032 754 3139 fidei
775 3065 870 3129 nec
894 3051 998 3149 non
1035 3046 1088 3127 et
1110 3031 1351 3128 christiani
1372 3033 1548 3173 populi
1570 3035 1684 3130 tulit
1715 3065 1806 3131 ue*

221 3235 226 3239 .
284 3146 489 3264 xillum,
529 3148 663 3248 ferro
698 3150 946 3278 prostratis
1021 3146 1271 3245 uibu'sdam
1308 3151 1498 3246 Aullrte
1543 3150 1799 3248 nobiliori·

284 3267 405 3384 hus,
435 3266 711 3363 Comitibus
749 3265 813 3364 de
844 3182 1048 3363 Hardih

286 3416 399 3479 cum
428 3385 522 3479 luis
554 3400 605 3479 et
632 3382 833 3514 fugato,
880 3381 1042 3479 nobili
1070 3414 1190 3511 pom
1227 3414 1257 3479 a
1289 3386 1497 3482 uictone
1531 3386 1800 3487 redimitur.

284 3502 370 3599 Sic
395 3499 603 3597 obtenta
623 3534 716 3629 pro
749 3534 848 3628 qua
878 3502 1144 3627 plurimum
1215 3502 1498 3598 ‘micauer'at
1533 3519 1665 3599 terra
1688 3504 1802 3634 Sty·
1846 3573 1876 3628 ¹.

284 3622 387 3735 rie,
416 3620 715 3757 trewgisqne
736 3618 1003 3728 secundum
1023 3617 1156 3711 uelle
1176 3619 1390 3712 luumxet
1409 3620 1653 3715 honorem
1673 3624 1802 3717 inter

1049 3268 1112 3361 ke
1146 3280 1199 3362 et
1222 3264 1423 3364 deuicto
1453 3299 1574 3407 rege
1597 3271 1798 3408 rugarie
1970 3288 1989 3401 J
2058 3296 2063 3306 ’

143 3864 207 3895 ν
288 3736 726 3951 εἰεᾶΙοοιηΡοΓιω,
756 3736 851 3831 luis
882 3735 1154 3864 prouinciis
1184 3734 1397 3863 gloriam
1429 3737 1603 3834 retulit
1631 3740 1801 3833 trium·
1891 3862 1892 3867 Ν
2039 3713 2044 3717 ’
2211 3846 2214 3858 ι
2310 3808 2333 3839 ,.

285 3885 322 3985 p
411 3885 502 3950 em.
545 3884 581 3961 ζ
931 3902 935 3918 ·
1161 3914 1167 3921 -
1553 3907 1557 3917 -
1692 3881 1695 3885 ·
1791 3886 1798 3897 ·

406 3969 479 4066 M.
491 3969 654 4070 cclxi
701 3968 948 4084 hlirabilis
986 3969 1084 4067 hoc
1113 3999 1247 4066 anno
1317 3970 1485 4065 enuria
1518 3985 1692 4067 exorta
1725 3972 1803 4071 eil.
1845 3973 1849 3982 ’

289 4091 406 4216 quia
427 4087 656 4198 homines
675 4090 987 4217 asperitatem
1006 4089 1203 4216 hyemis
1227 4103 1278 4185 et
1303 4132 1304 4137 Ν
1335 4088 1485 4217 igoris
1499 4116 1606 4189 non
1625 4118 1800 4185 ueren-

200 4310 204 4316 ,
287 4221 367 4303 tes
388 4202 524 4321 nudo
551 4236 761 4333 corpore
786 4222 837 4301 et
861 4207 1027 4303 uelata
1047 4206 1173 4303 lacie
1195 4202 1454 4306 cantando
1488 4203 1799 4308 incedebant.
1866 4246 1872 4251 ·
1946 4222 1955 4309 Γ
2058 4184 2104 4282 .'

292 4323 414 4421 etse
437 4324 567 4449 ipsos
588 4326 652 4419 lla
685 4324 795 4421 ellis
819 4326 933 4421 satis
954 4326 1191 4421 atrociter
1247 4324 1567 4427 ercutiebant.
1647 4326 1800 4427 Alex·

287 4436 444 4535 ander
477 4472 608 4567 papa
641 4473 672 4538 o
709 4444 778 4540 iit
832 4446 911 4538 cui
942 4442 1170 4540 Vrbanus
1206 4356 1447 4539 iirecellit'
1548 4442 1798 4540 Otakarus

200 4614 206 4625 ·
248 4587 378 4679 rex
397 4556 702 4656 Boemorum
736 4588 943 4657 uxorem
975 4560 1107 4656 luam
1140 4575 1464 4773 mapgaretam
1489 4591 1518 4654 a
1540 4561 1589 4656 se
1610 4560 1807 4687 separa·¹
1931 4627 1935 4633 ·
2076 4576 2080 4584 ’

1246 4711 1270 4773 c

287 4679 375 4773 uit.
406 4691 459 4772 et
479 4708 571 4802 pro
603 4709 664 4773 ea
696 4677 781 4774 llbi
811 4678 961 4775 liliam
992 4680 1122 4807 regis
1145 4677 1224 4774 Ru
1274 4679 1320 4774 ie
1354 4677 1619 4805 copulauit
1650 4707 1799 4805 quam

290 4794 444 4963 etiam,
456 4795 512 4895 in
529 4797 751 4925 reginam
773 4798 937 4895 lecum
957 4796 1225 5043 brlptgilpgli
1245 4810 1470 4979 tempore
1492 4798 1764 5014 coronaffit.
