4742 6067
772 420 1312 554 'firmauerunt
1718 474 1791 547 43,

431 654 511 751 M.
524 686 595 751 cc.
605 686 684 749 xx.
707 650 821 748 Hoc
846 682 981 748 anno
1001 653 1273 779 imperator
1294 643 1553 747 fridericus
1567 681 1852 753 exeommu·
1909 758 1913 769 ,

236 798 240 803 ·
324 777 560 871 tricatura
608 804 702 899 apa
727 769 989 899 Gregorio.
1023 801 1116 897 pro
1139 764 1456 871 iureiurando
1470 766 1858 895 quodconllriii·'
2011 794 2020 809 ‘

321 908 464 987 xerat
484 894 532 985 le
555 806 735 987 durum
771 888 937 987 uerius
967 886 1332 983 iherosolimam
1363 901 1417 981 et
1437 917 1542 983 non
1564 888 1696 986 fecit.
1728 896 1847 1019 quia
1948 994 1954 1000 ,

320 1008 603 1105 infirmitate
627 1023 680 1112 et
698 1004 807 1119 aliis
830 1007 998 1102 multis
1024 1004 1171 1101 caulis
1194 1000 1475 1133 impeditus.
1514 1106 1518 1111 ,
1757 1073 1763 1079 -

431 1126 699 1262 M.cc.xxi.
729 1121 1002 1251 Expeditio
1034 1124 1246 1254 gloriosa
1270 1156 1298 1218 a
1319 1122 1556 1220 friderico
1578 1124 1845 1253 imperato·

314 1255 370 1343 're
394 1260 567 1341 contra
592 1268 817 1375 paganos
840 1240 1096 1339 ordinatur
1128 1257 1179 1337 et
1211 1240 1426 1339 feliciter
1458 1264 1593 1338 marc
1625 1246 1844 1355 tranlua·
1878 1312 1881 1319 .
1971 1368 1974 1375 s
2059 1230 2063 1237 ’

313 1360 435 1460 dato
459 1368 668 1490 regnum
690 1361 1164 1481 iherosolimitanum
1187 1376 1240 1455 et
1258 1375 1440 1455 terram
1454 1360 1670 1457 sanctam
1690 1362 1843 1459 aSol·
1893 1370 1897 1380 '
2045 1374 2047 1382 ’
2086 1494 2088 1501 y

314 1479 449 1583 dano
471 1482 674 1607 recepit.
734 1475 966 1573 Tandem
997 1510 1121 1606 pace
1145 1509 1257 1606 per.
1290 1495 1336 1574 x.
1368 1494 1526 1577 annos
1558 1468 1669 1574 cum
1693 1480 1842 1597 laira-

230 1694 237 1699 ,
314 1601 450 1697 cenis
471 1598 661 1693 innata
682 1595 1023 1722 ipse'feliciter
1042 1598 1346 1723 repatriauit.
1378 1613 1429 1692 et
1455 1598 1670 1693 obtentu
1702 1602 1858 1741 prin»

314 1719 479 1843 cipum
502 1732 553 1811 et
572 1716 784 1853 maxime
809 1712 949 1810 ducis
973 1712 1202 1844 leupoldi
1225 1713 1483 1811 deaustria
1527 1730 1577 1810 et
1601 1715 1746 1840 styria
1777 1718 1841 1813 ab

311 1834 825 1931 excommunicatione
859 1830 1050 1927 domini
1084 1862 1150 1964 pa
1247 1832 1527 1928 absoluitur.
1599 1834 1676 1931 Eo
1712 1850 1836 1929 tem..
1926 1836 1933 1845 “

348 1984 436 2047 ore
459 1947 850 2077 leopoldus-dux
873 1949 1043 2046 austiie
1072 1963 1124 2045 et
1178 1952 1291 2080 yric
1317 1950 1453 2046 obiit.
1485 1952 1565 2047 cui
1587 1950 1715 2065 lilius
1728 1954 1839 2049 luus

305 1981 571 2177 Bidericus
591 2066 832 2169 succerio..
1711 2097 1716 2107 ’

222 2262 247 2280 ..
427 2183 500 2279 Μ.
516 2215 583 2277 cc.
594 2184 724 2276 xxxi.
755 2181 867 2276 Hoc
891 2212 1025 2277 anno
1038 2212 1219 2311 magua
1238 2212 1430 2311 gwerra
1454 2184 1649 2284 fitiuter
1668 2218 1839 2314 regem

308 2302 507 2399 boemie
531 2315 583 2395 et
603 2298 781 2395 ducem
805 2297 989 2394 austrie.
1019 2298 1154 2407 unde
1178 2303 1341 2395 omnis
1361 2305 1501 2444 regio
1523 2318 1660 2423 trans
1682 2303 1837 2399 danii.-

251 2497 253 2504 .
307 2418 445 2516 bium
471 2416 723 2515 inuaditur
747 2430 799 2512 et
822 2414 1066 2541 incendiis
1099 2430 1151 2514 et
1184 2415 1628 2560 depredationibus
1659 2421 1836 2517 bifarie
1869 2538 1874 2546 Ι

239 2616 242 2620 J
308 2537 624 2633 consumitur·
644 2532 891 2631 uidelicet
914 2565 1081 2665 arcge
1103 2534 1417 2644 boemiorum
1444 2552 1496 2634 et
1520 2539 1837 2636 ministeriali·

305 2677 391 2751 um
414 2642 567 2749 ducis.
625 2652 850 2749 Heinrici
872 2656 1010 2754 cauis
1034 2652 1396 2796 deChuuringe
1421 2672 1472 2751 et
1484 2656 1692 2753 aliorum
1710 2661 1836 2789 ami·
1880 2657 1885 2664 ’
2002 2734 2015 2742 ..
2312 2784 2317 2791 .

307 2805 479 2870 corum
500 2772 709 2867 luorum.
769 2770 877 2899 Ipse
897 2771 1162 2867 Heinricus
1189 2770 1477 2985 Fuidicitui
1500 2777 1635 2875 canis
1668 2778 1838 2873 ciuita·
1963 2850 1965 2855 .
2078 2898 2081 2905 Ι
2137 2818 2141 2826 ·

278 2967 281 2972 >
306 2906 409 2988 tem
441 2889 659 2986 chremse
687 2887 924 2987 incendio
951 2889 1150 2985 conium
1205 2904 1253 2986 it.
1286 2904 1339 2987 et
1370 2894 1659 3019 omuia'que
1683 2892 1753 2988 ibi
1787 2925 1837 2990 e·

303 3024 418 3104 rant
449 3005 642 3103 abstulit
685 3022 736 3103 et
770 3010 824 3104 in
856 3006 1109 3109 castellum,
1134 3014 1272 3103 'uum
1318 3008 1567 3104 tiernllain
1595 3016 1836 3149 portauit

304 3124 451 3222 Vnde
475 3124 579 3220 dux
599 3122 859 3220 fridericus
893 3125 965 3221 ira
1000 3140 1280 3223 commotus
1315 3125 1508 3223 castella
1533 3140 1584 3223 et
1609 3132 1852 3225 ciuitatem
1959 3196 1964 3204 ·

304 3240 530 3341 Heinrici
554 3257 608 3337 et
636 3243 905 3337 amicorum
938 3243 1136 3339 suorum
1168 3242 1414 3343 destruxit.
1459 3259 1510 3384 ct
1542 3276 1667 3373 quos
1701 3250 1836 3374 cepit
1998 3352 2001 3359 Δ

304 3360 880 3490 suspendio'interemit.f
916 3358 1063 3454 Tunc
1089 3352 1355 3456 He'iririeus
1391 3381 1723 3491 canispae'em
1747 3394 1836 3491 pe·

210 3587 214 3591 Α
301 3481 383 3575 tiit
404 3478 599 3575 aduce.
631 3476 880 3573 friderico.
905 3490 956 3571 et
976 3475 1105 3572 filios
1131 3480 1243 3575 suos
1266 3492 1318 3577 et
1339 3477 1503 3575 fratris
1517 3481 1586 3575 lui
1611 3496 1662 3577 et
1677 3484 1834 3594 omni·

304 3608 397 3692 iim·
424 3599 697 3692 amicorum
727 3595 923 3689 suorum
959 3591 1151 3688 obsides
1183 3592 1335 3689 dedit.
1368 3628 1428 3689 ca
1451 3596 1688 3695 uidelicet
1709 3600 1832 3696 'con-

301 3715 495 3822 ditione
526 3728 582 3808 ut
616 3713 912 3837 omniaque
945 3708 1243 3805 abstulerant
1277 3710 1545 3807 redderent
1576 3730 1628 3809 et
1663 3715 1722 3811 sic
1745 3749 1833 3843 pa·
1888 3782 1889 3787 κ

166 3916 169 3919 ,
303 3831 494 3928 cificata
514 3832 624 3929 sunt
649 3828 829 3926 omnia.
871 3828 1002 3922 inter
1036 3825 1214 3922 ducem
1249 3842 1303 3923 'et
1335 3830 1673 3939 ministeriales
1704 3834 1832 3933 suos.

301 3948 500 4047 Eodem
531 3978 664 4043 anno
694 3945 942 4086 ludwicus
962 3942 1082 4085 dux·
1096 3945 1311 4086 bawarie
1344 3946 1474 4087 apud
1504 3947 1831 4049 Chelheimen

303 4065 517 4165 cultellis
543 4065 811 4163 tranffixus.
860 4063 1202 4161 miserabiliter
1225 4078 1423 4162 interiit.
1467 4070 1546 4162 cui
1567 4066 1696 4165 filius
1715 4069 1825 4167 suus

302 4188 430 4297 Otto
460 4184 689 4281 succcll'it
1818 4300 1820 4305 Ι

308 4324 314 4330 ’
418 4304 491 4400 M.
505 4302 775 4400 ccxxxiii.
808 4296 1138 4396 Gebehardus
1159 4300 1452 4428 patauienlls
1475 4302 1732 4445 episcopua
1755 4306 1825 4401 le·
1964 4410 1966 4413 ,

301 4418 517 4561 cundum
551 4420 805 4517 decretum
840 4417 1031 4515 domini
1060 4448 1191 4633 pffc
1224 4450 1253 4513 a
1289 4418 1402 4515 sede
1428 4420 1511 4515 lua
1542 4418 1827 4521 destituitur.

300 4538 636 4679 etepilcopus
654 4536 918 4667 Riidgerus
940 4537 1060 4633 loco
1141 4567 1217 4631 ius
1242 4535 1529 4666 subrogatus
1554 4538 1631 4635 est.
1656 4616 1661 4621 .
1711 4541 1826 4645 Hoc

143 4729 147 4735 ,
301 4672 628 4753 et1amanno.
683 4656 809 4752 Otto
842 4651 942 4750 dux
975 4656 1193 4753 bawarie
1241 4665 1423 4751 terram
1463 4654 1675 4752 nostram
1713 4688 1827 4755 cum

300 4806 481 4911 magno
515 4774 736 4888 exercitu
765 4774 978 4877 intrauit.
1024 4790 1341 4999 1e÷magnam
1375 4790 1569 4903 partem
1606 4774 1824 4914 eiusdem

272 4942 279 4953 '
442 4931 444 4934 ’
614 4956 618 4964 ·
1110 4924 1191 5025 PP
1635 4924 1765 5023 raPl·
