4742 6067
673 356 751 459 μό
828 408 837 419 .
1124 342 1178 427 Χ.
1220 342 1634 427 CHRONICON

606 557 892 657 inillenmt
914 551 1005 648 ini
1075 581 1167 647 em.
1208 580 1342 645 arma
1370 551 1527 647 eciam
1559 564 1610 645 et
1641 550 1899 677 pecuniam
1934 584 2001 649 ne
2030 554 2124 681 iplu

626 673 865 793 cederent
898 670 1003 768 chri
1038 671 1162 765 ianis
1193 670 1328 795 prius
1362 699 1510 795 quam
1531 668 1578 763 se
1604 670 1733 794 ipsos
1756 672 1984 801 voragini
1998 672 2125 767 llam

558 896 562 903 ,
624 822 814 889 marum
835 785 1157 887 tradiderunt.
1195 800 1252 883 et
1274 799 1401 910 'aput
1433 784 1762 889 Babenberch
1791 803 1842 885 et
1873 820 1905 883 a¹
1941 804 1996 885 ut
2023 792 2128 886 Am·
2284 804 2289 818 ⁴

625 910 782 1007 berch
803 907 1010 1033 configit
1027 904 1174 1004 idem.
1234 900 1382 998 Ciues
1394 918 1562 997 tamen
1583 903 1886 1031 Ratilponen
1908 938 1980 1000 es.
2010 907 2128 1001 luam

608 1028 857 1125 uolentes
876 1025 1125 1126 honorare
1159 1022 1411 1118 ciuitatem
1436 1022 1575 1149 ipsos
1599 1019 1778 1118 Iudeos
1802 1022 1992 1151 absque
2018 1022 2127 1118 iudi·

626 1147 705 1241 cio
731 1141 894 1241 occidi
913 1157 964 1238 et
985 1141 1161 1240 destrui
1181 1152 1458 1235 uetuerunt.
1489 1136 1712 1235 dicentes
1767 1138 1871 1237 uod
1892 1142 2130 1237 voluntati

614 1260 724 1358 dei.
754 1263 807 1357 in
827 1258 1095 1359 Iudeorum
1117 1254 1464 1355 intersectione
1486 1256 1683 1353 nollent
1700 1290 1756 1354 re
1774 1258 1925 1355 diere.
1957 1256 2041 1354 led
2058 1288 2129 1352 ex-

627 1394 828 1509 pectare
854 1376 1016 1475 donec
1030 1377 1093 1473 de
1113 1378 1213 1471 hoc
1233 1374 1368 1501 quod
1387 1374 1482 1469 hec
1504 1373 1723 1473 vindicta
1745 1376 1860 1473 ellet
1880 1410 1911 1471 a
1935 1374 2129 1471 domino

629 1500 701 1595 eis
723 1497 864 1597 lieret
883 1496 1042 1593 maior
1062 1492 1198 1591 fides.
1228 1508 1289 1619 et
1311 1493 1370 1588 lrc
1393 1490 1533 1589 Iudai
1555 1494 1842 1622 Ratilpouc.
1875 1494 2001 1590 licet
2030 1524 2130 1588 cum

610 1612 1094 1737 .multadifficultate
1115 1612 1172 1707 us
1203 1640 1263 1706 ue
1287 1608 1440 1707 hodie
1464 1610 1756 1713 incendium.
1771 1612 2045 1709 euaserunt.

747 1729 941 1830 Eodem
975 1756 1108 1829 anuo
1141 1728 1197 1827 ce
1219 1728 1411 1826 ebrauit
1447 1732 1629 1826 curiam
1661 1729 1990 1857 sollempnem
2023 1758 2050 1823 a
2084 1742 2132 1823 ut
2287 1836 2289 1847 ¹

627 1849 939 1965 Nurnberch.
982 1853 1061 1946 eui
1092 1846 1421 1981 interfuerunt
1443 1848 1699 2061 principes
1721 1758 2134 1984 Alamannielc·
2264 1858 2289 1983 .j

629 1966 883 2062 clefiallici.
915 1979 966 2062 et
986 1965 1257 2065 Seculares.
1300 1980 1352 2061 et
1376 1963 1452 2089 ali]
1479 1967 1599 2084 nobi
1620 1998 1674 2061 es
1707 1965 1862 2061 multi
1903 1978 1957 2059 et
1989 1990 2041 2057 ru
2063 1993 2132 2059 ea·
2287 2064 2289 2077 ,

628 2082 743 2179 dem
763 2086 903 2179 curia
927 2083 1313 2211 quasdamleges
1337 2080 1503 2180 cdlxit
1534 2083 1944 2209 liliumqueluum
1964 2084 2134 2209 primo·
2283 2082 2289 2183 l

584 2205 850 2330 ·.genitum
870 2201 1147 2301 Rudollum
1170 2203 1371 2297 nomine
1393 2230 1487 2327 pro
1512 2200 1637 2299 duce
1658 2200 1845 2297 Austrie
1869 2200 1934 2295 de
1975 2200 2131 2295 utauit

659 2336 663 2344 ’
749 2317 892 2415 Circa
924 2320 1058 2434 idem
1082 2335 1180 2415 tem
1220 2352 1276 2414 us
1308 2318 1595 2415 Bonifacius
1620 2318 1747 2414 VIII.
1777 2349 1907 2447 papa
1936 2232 2063 2413 lecit
2087 2330 2133 2410 et

630 2434 695 2533 ad
712 2437 965 2567 generalia
994 2434 1145 2533 studia
1174 2352 1259 2533 dib
1288 2434 1437 2532 Bulla
1465 2436 1716 2531 transmisit
1747 2435 1933 2531 sextum
1964 2434 2132 2531 librum

629 2552 966 2651 decretalium.
1014 2555 1067 2651 in
1098 2586 1198 2680 quo
1230 2554 1511 2681 multaque
1544 2569 1862 2649 anteaerant
1901 2554 1958 2648 in
1987 2553 2138 2649 scolis.
2287 2584 2289 2619 ³

616 2686 682 2766 et
702 2674 755 2765 in
773 2669 967 2769 iudiciis
987 2673 1215 2804 ambigua
1234 2671 1516 2769 declarauit.
1546 2688 1599 2767 et
1621 2670 1747 2789 duos
1760 2670 2039 2769 cardinales
2059 2668 2131 2765 de·

626 2790 793 2917 poiuit
822 2805 878 2884 ut
897 2805 1039 2918 patet
1061 2793 1237 2887 clarius
1261 2788 1530 2887 in-eodem.
1699 2870 1702 2877 .
2113 2820 2116 2830 ·

463 2924 466 2929 ’
745 2909 870 3001 Item
893 2909 1247 3005 controuersias
1260 2922 1311 3005 et
1321 2909 1552 3003 materias
1574 2892 1874 3035 questionum
1894 2898 2132 3030 interepi·
2287 2998 2289 3035 ς

627 3020 818 3151 leopos.
844 3025 1087 3154 ‘prelatos
1118 3041 1170 3128 et
1198 3026 1382 3121 clerum
1422 3057 1486 3121 ex
1522 3056 1620 3120 una
1663 3040 1817 3153 parte.
1871 3040 1925 3120 et
1968 3024 2131 3153 Iratres

628 3140 972 3267 predicatores
1001 3159 1054 3240 et
1081 3143 1308 3240 Minores
1340 3174 1403 3237 ex
1427 3144 1595 3238 altera.
1625 3174 1723 3271 que
1750 3170 1842 3279 per
1865 3142 2035 3269 plures
2057 3168 2129 3234 au·-

628 3287 723 3385 uos
741 3262 840 3353 iam
864 3261 1085 3357 suscitate
1109 3259 1418 3355 durauerant
1433 3274 1436 3279 ’
1450 3258 1635 3357 decidit
1664 3276 1720 3355 ut
1740 3274 1877 3388 patet
1900 3262 1955 3353 in
1978 3261 2130 3355 littera

667 3406 727 3503 ue
747 3376 807 3469 lic
829 3377 1017 3502 incipit.
1068 3374 1357 3472 Boniiacius
1379 3379 1635 3518 episcopus
1656 3393 1750 3474 etc.
1787 3375 2130 3505 Super-kathe·
2288 3404 2289 3407 ‘

693 3524 773 3589 am
829 3496 1175 3648 reeominencie.
1205 3480 1455 3623 pastoralrs
1488 3511 1581 3592 etc.
1714 3520 1718 3526 ·
2003 3606 2007 3613 .

824 3643 1089 3709 .cc.xcrx..
1229 3690 1231 3697 .
1370 3690 1372 3695 .
2005 3652 2007 3657 ·
2071 3666 2075 3673 ·

640 3795 644 3803 -
741 3728 834 3825 Μ’.
848 3727 1242 3848 οεοο.,1)οηιίηυέ
1263 3730 1552 3826 Bonisacius
1576 3732 1701 3827 VIII.
1732 3761 1862 3857 papa
1886 3726 2147 3856 ponttficar·
2288 3746 2289 3761 '

626 3862 708 3944 tus
726 3842 798 3940 sui
827 3878 960 3943 anno
983 3849 1059 3969 vj⁰.
1089 3849 1305 3943 sanctum
1327 3848 1617 3965 Ludwicum
1639 3846 1832 3977 Regem
1850 3848 2039 3943 francie
2055 3840 2128 3937 lta·
2288 3914 2289 3925 .

625 3966 893 4061 nonIzauit.
925 3980 977 4061 et
998 3996 1170 4061 omnes
1191 3964 1530 4093 Indulgencias
1563 3965 1901 4061 accedentium
1933 3962 1995 4060 ad
2015 3958 2128 4059 Bal·

621 4082 748 4175 licas
769 4080 1028 4178 beatorum
1053 4082 1399 4209 Apostolorum
1422 4084 1559 4180 Petri
1582 4083 1795 4190 etPauli
1817 4087 1873 4177 in
1893 4083 2013 4177 vrbe
2036 4078 2127 4178 Ro'·

621 4227 773 4292 maua
797 4196 1103 4295 confirmauit
1122 4198 1417 4325 adprobauit
1447 4217 1498 4297 et
1521 4203 1792 4311 innouauit.
1824 4216 1879 4297 at·
1895 4199 1957 4295 de
1977 4196 2134 4339 pleni,

553 4325 557 4334 “
622 4313 804 4443 tudine¹
833 4317 913 4411 lue
940 4317 1457 4446 potestatis-perpetuo
1493 4322 1840 4449 augmentauit.
1869 4331 1938 4412 ut
1973 4346 2024 4412 rn
2053 4341 2125 4409 eo·

545 4442 552 4453 '
626 4430 755 4529 dem.
778 4436 905 4530 etin
927 4437 1153 4561 quolibet
1176 4436 1436 4533 centesimo
1452 4469 1603 4557 anno
1624 4438 1872 4576 conpleta.
1900 4431 2123 4531 accedes

625 4563 703 4644 tes
727 4552 866 4648 causa
900 4551 1192 4649 deuocionis
1223 4554 1286 4648 ad
1310 4554 1556 4681 predictas
1585 4555 1812 4649 Balrhcas
1846 4584 1964 4648 uere
1997 4548 2123 4679 puni?

497 4710 507 4719 ·
595 4669 850 4787 ,tentibus
879 4686 930 4789 et
951 4668 1186 4795 cosfeffis.
1203 4671 1528 4801 pleniffimam
1550 4674 1767 4769 omnIum
1800 4673 1994 4767 luorum
2024 4696 2124 4795 pec·

731 4843 740 4871 ι
1375 4854 1380 4865 ,
1948 4802 2081 4886 cato·—
