4742 6067
698 448 773 544 49⁶
1157 440 1211 520 X.
1266 432 1666 521 CHRONICOR
1711 480 1716 495 ·

645 646 783 860 pium
816 636 1008 741 Ottone
1040 642 1309 771 dampnato
1333 656 1617 857 [promotum
1649 635 1900 761 ecclesiam
1940 633 2021 731 dei
2048 602 2138 735 non

670 765 776 861 ouit
804 780 1053 889 tamquam
1084 777 1302 858 matrem.
1352 762 1415 857 ed
1445 777 1692 885 tamquam
1722 784 1988 853 nouercam
2009 784 2143 881 quan·

585 977 594 985 .
649 898 756 976 tum
777 883 941 1007 potuit
970 879 1188 975 laniauit
1248 879 1462 1005 Propter
1496 874 1631 1002 quod
1654 875 1894 977 honorius
1953 902 2044 996 apa
2071 874 2143 997 qui

508 1089 515 1098 ,
647 999 804 1126 ipsum
837 1012 1174 1092 coronauerat.
1207 996 1289 1091 fibi
1321 995 1560 1093 rebellem
1604 1007 1655 1086 et
1690 986 1903 1085 Ecclesre
1983 1018 2142 1083 omane

651 1113 979 1209 aduersarium
1010 1142 1106 1209 con
1145 1116 1319 1209 eriens.
1362 1113 1516 1238 ipsum
1548 1106 1991 1205 anathematizauit
2027 1121 2074 1198 et
2101 1138 2144 1201 o·

648 1260 790 1330 mnes
819 1228 1033 1327 barones
1065 1146 1200 1325 allia
1220 1228 1456 1325 fidelitate
1488 1223 1708 1322 absoluit.
1740 1222 2010 1350 Gregorius
2040 1253 2146 1347 quo·

643 1380 748 1475 que
778 1346 1010 1444 successor
1032 1348 1246 1443 Honorii
1275 1350 1428 1475 ipsum
1460 1342 1719 1441 anathema
1748 1342 2021 1435 renouauit.

768 1462 1139 1589 Annodomini
1168 1464 1511 1561 M⁰.cc⁰.xxxi⁰.
1576 1492 1633 1556 ro
1665 1491 1726 1555 eo
1759 1453 1897 1583 quod
1920 1454 2044 1552 duos
2059 1488 2146 1550 car·

652 1576 1067 1706 dinaleslegatos
1096 1612 1210 1698 ¹cum
1243 1579 1464 1677 redirent
1494 1588 1521 1674 a
1589 1579 1770 1673 curiam
1802 1604 1910 1669 cum
1941 1573 2146 1701 pluribus

651 1697 856 1825 prelatis
887 1698 998 1836 capi
1026 1697 1226 1811 fecerit,
1258 1714 1309 1793 et
1338 1698 1591 1823 proprium
1622 1694 1772 1787 filium
1794 1722 1961 1818 regem
1988 1691 2147 1785 alama·

649 1815 735 1911 nie
779 1844 985 1908 carceris
1027 1815 1252 1940 squalore
1293 1814 1613 1913 suffocauerit.
1702 1808 2011 1906 Succedente
2041 1836 2146 1904 uero

652 1944 755 2027 tem
795 1961 895 2025 ore.
924 1932 1021 2024 hoe
1056 1930 1121 2024 est

646 2130 650 2143 .
785 2170 789 2177 .
831 2048 1082 2143 ⁰.cc⁰.xlv⁰.
1112 2048 1441 2143 Innocencius
1470 2076 1602 2188 papa
1631 2046 1734 2141 iiii¹¹³
1761 2045 1812 2139 in
1836 2042 2148 2169 conciliolng·

650 2154 850 2258 dunensi
895 2178 1068 2260 contra
1107 2162 1384 2291 predictum
1415 2160 1672 2260 -fndrrcum
1702 2166 1778 2261 im
1815 2176 2057 2275 eratorem
2078 2158 2149 2255 de·

652 2281 913 2408 poficionis
951 2280 1251 2375 sentenciam
1293 2285 1488 2407 promul
1524 2284 1637 2384 auit
1678 2297 1731 2375 et
1760 2194 2006 2375 electores
2035 2280 2147 2409 prin·

651 2428 757 2524 pes.
788 2412 962 2493 contra
989 2399 1145 2525 ipsum
1155 2397 1478 2493 lantcrauium
1552 2400 1737 2524 uringie
1762 2398 2046 2491 Heinricum
2067 2396 2148 2489 ele·

652 2532 843 2641 gerunt.
886 2547 986 2639 quo
1017 2514 1124 2642 post
1192 2546 1361 2609 aruum
1396 2530 1591 2641 tempus
1627 2530 1837 2630 mortuo,
1868 2513 2148 2611 Wilhelmus

658 2662 825 2727 comes
848 2630 1103 2728 hollandie
1165 2657 1296 2725 enuo
1323 2648 1494 2733 contra
1526 2634 1679 2759 ipsum
1704 2664 1733 2727 a
1789 2630 2056 2761 rincipibus
2078 2628 2149 2722 eli·

654 2747 795 2873 gitur.
818 2780 958 2862 ‚anno
982 2746 1170 2843 domini
1201 2749 1287 2843 M0.
1303 2754 1386 2843 ec⁰.
1400 2750 1532 2871 xlvij.
1564 2748 1645 2876 sed
1678 2665 1788 2877 pol
1807 2780 2016 2875 paruum
2047 2764 2148 2841 tem·

651 2896 746 3079 Eos
779 2864 1137 3004 aplnilonibus
1165 2864 1418 2961 occiditur.
1452 2882 1502 2960 et
1522 2866 1582 2981 src
1600 2882 1806 3007 uterque
1831 2867 1994 2961 lectus
2016 2862 2149 2959 caruit
2302 2914 2304 2987 l

691 2982 1005 3078 enedrctione
1045 2984 1300 3108 imperiali.
1337 2982 1443 3108 post
1482 2982 1706 3077 suamab
1738 2984 1946 3110 imperio
1979 2980 2149 3078 destitu-
2301 2988 2304 3023 ³

654 3104 861 3197 cionem.
892 3101 943 3193 in
976 3098 1190 3227 apuliam
1224 3102 1427 3197 ueniens
1452 3101 1520 3195 ibi
1541 3103 1677 3227 graui
1701 3100 1981 3199 infirmitate
2008 3128 2149 3194 corre·
2302 3104 2303 3155 ³

651 3234 768 3358 ptus
808 3216 971 3310 mense
1017 3216 1268 3312 decembri
1309 3217 1405 3311 sme
1453 3218 1760 3314 sacramentis
1802 3233 1853 3313 et
1884 3216 2180 3345 penitencia.
2302 3266 2303 3325 ᾖ

641 3365 706 3449 ,ιη
750 3333 1077 3429 anathematis
1127 3334 1327 3455 uinculo
1383 3332 1468 3429 ests
1492 3332 1762 3432 defunctus
1803 3367 1938 3431 anno
1982 3332 2151 3431 domini

653 3450 743 3546 Mt
757 3450 841 3544 cc'.
854 3447 902 3547 1⁰.
1832 3458 1835 3461 ’

636 3618 941 3721 ‘Incidencia
975 3655 1004 3718 a
1037 3624 1369 3721 coronacione
1403 3626 1713 3767 imperatoris
1757 3625 1998 3723 Friderici
2018 3626 2149 3752 usque
2203 3718 2209 3727 ,
2302 3664 2303 3669 ¹

638 3791 643 3801 ·
722 3784 725 3790 ¹
902 3738 967 3833 ad
991 3742 1182 3835 obitum
1205 3744 1351 3837 suum.
1383 3742 1688 3842 scilrcetMm·
1732 3762 1826 3842 ecffl·
1867 3745 1928 3838 1¹¹²·

634 4004 644 4019 ,
771 3912 1067 4011 Μ”.ε.ο”.κκί.
1098 3914 1332 4010 Damiata
1377 3916 1549 4011 ciuitas
1590 3950 1685 4045 que
1756 3937 1891 4015 ortus
1928 3919 2012 4014 eth
2051 3914 2150 4040 opie

631 4031 846 4154 ,dicitur
876 4028 1033 4124 multo
1067 4030 1239 4127 labore
1272 4045 1323 4126 et
1345 4031 1426 4125 san
1463 4036 1664 4130 uineae
1714 4035 1868 4132 udore
1891 4039 1995 4133 chri
2035 4040 2151 4128 'ano-

653 4146 763 4241 rum
794 4144 1033 4270 acquisita
1074 4146 1173 4239 heu
1210 4062 1519 4275 exigentilus
1558 4155 1774 4277 peccatis
1808 4156 2061 4250 hominum
2090 4146 2150 4245 di·

632 4266 772 4367 ,uina
804 4262 1114 4399 permillion'e
1146 4264 1356 4360 seductis
1387 4268 1440 4359 in
1463 4266 1708 4391 quandam
1732 4272 1937 4366 insulam
1963 4267 2150 4367 christia·

631 4382 907 4504 nis.aqu1s
940 4395 991 4473 et
1019 4384 1237 4473 exercitu
1260 4382 1621 4477 sarracenorum
1648 4388 2039 4485 circumuallatia
2091 4386 2151 4479 ui·

653 4496 862 4597 busdam
886 4494 1131 4591 submersis
1163 4496 1368 4623 aliisque
1400 4500 1576 4595 occisis.
1607 4502 1806 4597 tandem
1838 4506 1923 4600 sub
1991 4417 2149 4599 uallam

650 4612 815 4729 forma
844 4612 1215 4827 conffrofieionis.
1248 4630 1298 4708 et
1321 4616 1473 4710 multa
1499 4615 1647 4745 strage
1678 4620 1981 4717 hominuma
2038 4637 2150 4715 utra·

653 4760 751 4857 que
778 4743 921 4861 parte
974 4735 1297 4865 actacoactis
1319 4732 1608 4865 Cluillianis.
1638 4736 1920 4841 sarracenis
1944 4772 2033 4870 per
2063 4768 2151 4832 ma·

2007 4887 2096 4955 nus
