4742 6067
800 441 1292 532 LAMBACENSE.
1396 402 1401 407 ’
1662 472 1757 555 43„

283 656 534 791 'qrruldam
559 683 680 753 vero
712 650 962 751 occidens.
1003 650 1240 777 quoidam
1272 652 1421 746 etiam
1449 652 1733 757 muneribus
1766 675 1819 753 et

265 782 443 875 —minis
458 776 723 900 alliciens·
753 781 933 867 terrani
955 772 1087 900 luam
1108 768 1295 896 rapinis
1322 781 1374 863 et
1394 768 1637 867 incendiis
1658 774 1817 870 eccle·

292 898 369 1005 fiis
412 893 664 990 destructis
708 906 761 986 et
800 889 973 990 exustis
1051 888 1213 983 enitus
1255 884 1537 982 desolatam.
1569 890 1652 985 iii⁰.
1681 898 1818 991 annu

294 1015 508 1144 plurima
536 920 1099 1141 graumhia,pcrpedus
1122 1005 1346 1134 plenarie
1372 1002 1438 1100 est
1460 1002 1684 1131 adeptus.

410 1130 484 1226 M.
498 1128 802 1225 cc.xxx.viii.
888 1227 892 1237 ,
1028 1162 1067 1175 ··
1594 1176 1597 1183 .

397 1248 812 1344 -M.cc.xxx.v1n1.
848 1238 1075 1373 'Eclypfis
1111 1240 1226 1337 lulis
1260 1238 1408 1336 facta·
1427 1240 1503 1337 eli.
1544 1242 1611 1337 iii
1650 1274 1811 1343 nonas
1869 1326 1876 1341 ,

286 1368 427 1463 iunii.
459 1367 590 1460 circa
610 1364 785 1459 horam
809 1391 1006 1457 nonam.
1095 1356 1292 1455 Eodem
1317 1358 1397 1453 die
1423 1360 1583 1486 lepius
1609 1362 1811 1459 afflicta.
1952 1428 1954 1435 ,

292 1487 483 1613 capitur
519 1480 798 1580 ierosolima
826 1481 972 1577 victa.
1031 1478 1098 1573 Et
1131 1492 1318 1575 turrem
1352 1474 1490 1572 dauit
1523 1510 1586 1610 pa
1651 1510 1715 1576 na
1740 1482 1812 1577 lu·

289 1602 466 1817 perbia
499 1599 672 1696 strauit
715 1602 777 1700 u:
799 1623 994 1728 pagana
1015 1626 1190 1725 parum
1211 1596 1317 1691 ruit'
1339 1611 1390 1690 et
1418 1628 1534 1723 pars
1569 1630 1594 1693 c
1655 1594 1813 1696 illico·

311 1752 463 1816 arum.
1331 1766 1333 1771 ·

386 1834 651 1934 :M.cc.2d.·
803 1839 807 1850 '
1440 1879 1445 1893 ·
1544 1919 1580 1946 ,,

208 2015 213 2027 ·
364 1952 479 2062 M.
493 1984 560 2046 cc.
572 1952 655 2046 xli.
678 1948 931 2046 Tenebre
960 1947 1093 2044 facte
1127 1947 1240 2044 runt
1281 1978 1372 2075 per
1406 1952 1679 2049 uniuersam
1710 1966 1809 2051 ter-

288 2073 407 2167 ram.
440 2082 490 2161 et
520 2065 655 2161 stelle
692 2082 1037 2196 apparuerunt.
1104 2063 1230 2158 ridie
1252 2094 1412 2161 nonas
1438 2068 1687 2165 Octobris
1719 2072 1810 2169 cir·
1906 2154 1908 2161 ,

291 2218 349 2282 ca
369 2187 543 2281 horam
566 2214 763 2286 nonam.
846 2185 972 2278 Otto
998 2098 1151 2275 abdas
1177 2179 1315 2276 obiit.
1369 2185 1677 2283 Wernherus
1709 2187 1811 2296 luc·

204 2385 207 2392 ⁴
291 2302 436 2399 cellit
516 2300 710 2396 Eodem
735 2301 891 2396 eciam
917 2328 1049 2392 anno
1073 2298 1268 2401 comani
1292 2312 1343 2393 et
1365 2304 1537 2397 tartari
1556 2306 1810 2431 vngariarn

192 2516 196 2527 ,
289 2452 398 2516 cum
424 2416 772 2515 innumerabili
796 2413 1111 2517 multitudine
1140 2412 1393 2525 inuadunt,
1445 2434 1496 2513 et
1530 2423 1689 2545 primo
1721 2425 1811 2517 im·
1950 2502 1962 2513 .

164 2595 168 2604 ·
288 2552 411 2665 petu
433 2567 488 2647 rc
524 2534 760 2665 efugator
781 2536 1051 2637 exercitum
1066 2534 1185 2645 cius.
1204 2532 1336 2629 lxxx.
1361 2534 1496 2643 milia
1514 2540 1831 2665 persequer-¹

288 2671 366 2755 tes
392 2686 499 2751 occi
537 2654 695 2750 erunt'l
721 2667 746 2711 ¹·
772 2649 978 2747 Deinde
1002 2650 1208 2745 ulterius
1230 2641 1563 2777 procedentes
1597 2654 1807 2751 christia·

286 2775 464 2867 norum
488 2766 1000 2900 languinenlllltiendo
1024 2766 1241 2887 infantes
1274 2770 1327 2863 in
1348 2772 1486 2865 cunis
1509 2772 1668 2867 tranlli
1704 2790 1808 2885 unt,

288 2892 520 2991 mulieres
543 2888 779 3017 iugulant.
810 2886 1091 2983 sacerdotes
1118 2916 1230 2981 cunr
1260 2918 1409 3015 grege
1436 2888 1593 2985 christi
1625 2803 1807 3019 dilper-
1867 2970 1872 2979 .

285 3023 424 3222 funt.
453 3008 659 3103 iuuenes
687 3021 738 3101 ct
761 3006 978 3134 uirgines
1012 3004 1154 3101 senes
1178 3035 1289 3098 cum
1310 3000 1583 3101 iunioribus
1608 3006 1711 3109 hev
1734 3008 1822 3111 di·,
1874 3006 1889 3107 f
1993 3008 1997 3019 '

308 3128 479 3222 aniant
505 3120 859 3222 milerabilite'r.
923 3120 1231 3218 {Postremum
1266 3138 1395 3217 vem·
1422 3124 1727 3223 monasteriis.
1754 3144 1824 3225 et.
1867 3158 1884 3201 -·

292 3240 787 3341 ecclelrisdestrubtis
824 3240 1108 3380 cunctisque
1154 3238 1334 3365 incolis
1363 3252 1494 3334 terre
1527 3240 1660 3337 illius
1693 3276 1805 3341 curn
1864 3244 1879 3355 ’ς’

282 3360 454 3459 ‚multis
476 3358 673 3453 milibus
687 3358 874 3452 nulium
888 3356 1254 3455 christianorum
1269 3356 1597 3487 interemptis·
1623 3358 1688 3457 ad
1709 3378 1809 3459 ter·
1853 3388 1870 3459 μ’

151 3522 159 3533 ·
281 3510 392 3577 ram
416 3479 549 3572 luam
573 3472 704 3569 vnde
728 3478 952 3571 exierant
974 3482 1326 3569 reuertuntur?
1797 3516 1802 3527 ·
1889 3550 1896 3557 .

178 3702 183 3709 ,
402 3594 476 3691 M.
488 3625 557 3691 ec.
566 3592 665 3687 xlv.
695 3589 954 3688 fridericus
976 3586 1078 3685 dux
1107 3587 1276 3683 austrie
1297 3590 1362 3683 im
1401 3591 1539 3687 eriali
1560 3598 1808 3719 presentie
1868 3624 1897 3659 ‘-

285 3714 335 3810 le
357 3739 548 3810 verone
604 3707 879 3808 relentauit.
920 3705 1007 3803 vbi
1027 3706 1089 3804 ab
1109 3702 1343 3841 friderico
1364 3620 1678 3833 lmpcratore
1713 3715 1804 3810 ho-

285 3828 490 3955 norilice
510 3742 786 3969 indeptus·
801 3839 852 3919 et
873 3824 1040 3963 multis
1064 3820 1283 3918 donanis
1305 3824 1668 3922 honoratus'ad
1687 3862 1803 3957 pro·

285 3946 395 4082 pria
412 3944 689 4085 repedaurt.
729 3942 990 4046 fridericus
1014 3954 1285 4074 unperator
1306 3973 1335 4054 a
1355 3975 1486 4073 papa
1508 3944 1803 4077 innocentio

1139 4068 1146 4098 2
1291 4069 1312 4127 ι·

288 4076 754 4162 excommumcatur.
1030 4095 1033 4104 ·
1811 4144 1813 4149 ,

403 4180 476 4277 M.
490 4180 685 4277 ccxlvi.
714 4175 973 4276 fridericus
998 4172 1098 4271 dux
1120 4174 1291 4287 austrie
1320 4208 1488 4307 regem
1519 4180 1802 4283 boemiein

109 4332 116 4342 ·
284 4296 634 4398 bellodcuicit,
663 4300 716 4392 in
738 4325 839 4424 quo
860 4287 985 4390 duce
997 4294 1245 4391 karinthie
1260 4326 1370 4390 cunr
1392 4299 1500 4394 aliis
1524 4304 1690 4401 multis
1711 4334 1805 4399 no.

284 4415 468 4515 bilibus
489 4416 748 4555 captiuatis
772 4414 835 4509 ad
854 4415 1057 4543 propria
1078 4414 1240 4553 uictor
1261 4418 1524 4510 reuenitur
1546 4419 1802 4545 gloriosus.

284 4531 482 4633 Eodem
503 4549 651 4629 etiam
670 4562 803 4628 anno
825 4562 936 4627 cum
956 4529 1113 4649 tribus
1131 4528 1343 4657 regrb'us.
1375 4563 1485 4627 cum
1507 4562 1624 4663 rege
1648 4568 1802 4679 unga.

285 4658 357 4751 ric
383 4666 434 4748 et
457 4650 941 4781 rege‘Gomanorum
972 4662 1158 4787 &rege
1181 4648 1348 4747 rulcie.
1392 4664 1641 4749 certarnen
1675 4657 1829 4755 imit..
1991 4709 1995 4725 ι

282 4773 371 4872 vbi
412 4767 762 4870 innumerabili
796 4763 1224 5013 munitddffiex
1253 4782 1395 4895 parte
1428 4771 1560 4900 regis
1579 4776 1801 4987 ’Ἐὲξῗήο
