4742 6067
121 3465 140 3473 ..
257 3371 511 3471 karinthia
531 3374 763 3479 Carniola
783 3391 835 3471 et

438 404 442 412 ¹
598 511 600 514 -
702 407 1232 551 rametenses.
1395 462 1410 478 ·’
1634 432 1715 572 ur
1807 575 1814 605 ἱ
1901 464 1910 480 ’
2019 439 2020 448 ‘

367 674 441 801 M.
457 674 690 787 ccbucii.
713 673 1006 803 ‘Stephanus
1038 704 1130 797 rex
1162 674 1362 804 ungarie
1387 673 1523 771 obiit.
1557 689 1609 769 et
1632 675 1766 771 sorod
1849 748 1851 753 -

250 799 354 893 rius
377 797 489 893 suus
514 792 576 889 de
601 792 811 887 mathsa·
828 791 1005 888 volens
1030 792 1113 889 sibi
1130 822 1350 919 regnum
1377 786 1599 887 indebite
1630 795 1766 887 usur-

252 945 373 1044 pare
401 913 554 1008 abun
589 912 684 1005 aris
708 909 1258 1007 oc‘cisusmiserabiliter
1283 912 1529 1005 occubuit.
1631 950 1643 982 ·-
1816 982 1822 989 .
1966 946 1969 971 ·

250 1112 259 1129 .
335 1032 541 1125 ‘M.cc⁰.
640 1030 761 1123 ⁰.iii⁰.
790 1027 905 1123 Rex
934 1027 1229 1145 boemorum
1263 1029 1532 1123 Otachrus·
1552 1014 1771 1123 collecta

180 1154 184 1161 ’
252 1130 472 1247 inmensa
503 1144 821 1243 multitudine
846 1161 1147 1240 armatorum
1168 1146 1421 1273 ungariam
1456 1146 1657 1239 intrauit
1678 1176 1773 1242 uo·
1942 1190 1952 1205 ³

253 1268 365 1364 lens
397 1282 608 1361 mortem
632 1263 913 1359 consobrini
937 1264 1009 1361 sui
1032 1262 1223 1358 domini
1257 1262 1319 1357 de
1343 1265 1529 1359 matbsa
1550 1258 1768 1357 vindica·

253 1416 322 1485 re.
366 1398 418 1479 et
448 1412 585 1479 raros
619 1382 707 1477 u'el
738 1382 906 1477 nullos
940 1380 1131 1476 babens
1162 1376 1428 1477 resrsteutes
1465 1382 1769 1481 munitiones
1833 1388 1838 1393 ’

252 1517 399 1614 terre.
428 1533 544 1595 vnn.
577 1500 788 1597 obtimae
823 1498 1051 1594 obtinuit.
1072 1563 1076 1568 -
1095 1498 1317 1625 aliasque
1356 1496 1623 1593 debiliores
1660 1496 1773 1591 sun·
1895 1610 1914 1623 .

254 1618 404 1715 ditus.
434 1616 709 1730 destruens,
739 1615 941 1745 stragem
963 1640 1078 1711 non'
1091 1614 1336 1712 modicam
1360 1616 1618 1729 hominum
1637 1614 1770 1709 fecit

252 1737 381 1834 Item
400 1734 654 1833 Rudolfus
678 1764 846 1831 comes
878 1731 941 1826 de
964 1734 1322 1859 Hauptspurch
1346 1736 1399 1828 in
1422 1764 1589 1861 regem
1611 1740 1801 1887 roma-J
1947 1834 1950 1839 ,
2055 1755 2058 1759 ’
2133 1872 2136 1881 .
2190 1808 2199 1831 .

252 1883 447 1967 norum
480 1852 547 1947 esi
584 1856 679 1947 'tur
698 1866 751 1947 et
773 1858 1057 1946 coronatur.
1162 1918 1167 1928 .

371 1972 446 2067 M.
459 1884 637 2065 cedde
651 2002 699 2070 v.
732 1968 1005 2095 Gregorius
1034 2001 1100 2095 pa
1137 1996 1179 2062 a.
1233 1967 1498 2064 concilium
1568 1966 1776 2063 enerase-

255 2086 529 2182 celebrauit
559 2089 612 2179 in
641 2084 878 2209 lugduno.
917 1998 1136 2207 aliquod
1139 2189 1144 2194 ,
1155 2084 1262 2177 fere
1283 2088 1445 2179 tocius
1469 1996 1668 2181 eccglesre
1695 2114 1773 2177 re·
1805 2177 1808 2191 ,

255 2219 435 2299 utores.
466 2200 702 2297 videlicet
732 2203 967 2325 primates
1000 2200 1280 2326 patriarche
1314 2200 1635 2327 arciepiscopi
1668 2204 1804 2326 epi»

256 2319 390 2445 scopi
412 2317 619 2415 abbates
647 2318 858 2442 priores
874 2316 1177 2412 diuersorum
1200 2314 1428 2413 ordinum
1454 2321 1774 2412 conueniunt
1834 2344 1839 2357 ‘
1904 2350 1907 2356 ·

256 2438 314 2531 In
339 2467 438 2562 quo
463 2438 598 2563 greci
621 2432 686 2532 ad
710 2436 949 2531 unitatem
982 2433 1182 2538 ecclesie
1215 2449 1541 2529 reuertuntur.
1590 2450 1645 2529 et
1676 2433 1776 2542 duo

294 2555 510 2680 rincipes
546 2568 841 2649 tartarorum
870 2552 1109 2681 baptizati
1142 2552 1262 2646 sunt.
1305 2566 1355 2646 et
1382 2580 1412 2646 a
1435 2567 1543 2671 tota
1574 2550 1777 2649 ecclesia

258 2587 451 2768 decime
475 2673 693 2767 omnium
754 2667 1068 2767 ossessronum.
1099 2672 1151 2764 in
1175 2666 1429 2764 subsidium
1444 2685 1583 2765 terre
1595 2670 1777 2765 sancte.

258 2820 351 2919 per
373 2790 435 2885 vi.
462 2820 635 2885 annos.
666 2703 750 2887 sub
811 2819 907 2883 ena
926 2788 1255 2883 anathematis
1276 2790 1355 2882 exi
1393 2802 1551 2882 untur.
1659 2826 1665 2839 ·

195 3018 199 3031 ,
341 2906 715 3003 Mccbucvi.
802 2938 870 3001 ex
888 2903 1231 3001 Romanorum
1262 2818 1510 3023 Rudo'lsus
1540 2902 1783 3025 Austriam

201 3143 205 3151 1
260 3056 374 3142 cum
388 3022 554 3119 ualida
567 3056 717 3119 manu
736 3027 925 3121 intrans
934 3024 1128 3150 ipsama
1141 3020 1398 3119 dominatu
1419 3022 1779 3150 regisBoemo-

258 3144 456 3237 rumeri
490 3140 920 3266 iens,obs1desque
931 3139 1313 3253 ministerialium
1327 3138 1542 3237 eiusdem
1563 3139 1781 3233 terrest-

255 3258 363 3354 mul
377 3172 489 3354 etSp
481 3262 638 3387 yriea
653 3258 787 3355 dicto
800 3288 917 3471 rege
930 3257 1173 3352 liberauit
1194 3252 1488 3384 easdemque
1500 3271 1655 3375 terras
1671 3286 1783 3351 cum
1866 3360 1871 3366 ,

891 3406 990 3502 gra.
1022 3405 1145 3500 quas
1167 3371 1302 3467 idem
1323 3405 1412 3470 rex
1434 3374 1645 3469 boemie.
1677 3404 1783 3500 per.

254 3524 373 3593 nutv.
403 3492 746 3589 annosiniusie
768 3491 1059 3621 possederat.
1089 3491 1271 3615 absque
1295 3493 1431 3585 omni
1455 3492 1784 3634 sanguinises·
1925 3603 1930 3611 ¹

254 3610 449 3708 fusione
475 3610 539 3704 ab
563 3612 669 3704 eius
688 3608 928 3736 potestate
955 3609 1150 3732 eripuit.
1193 3619 1245 3699 et
1266 3608 1350 3701 suo
1377 3606 1600 3702 domimo
1624 3609 1781 3701 subiu-

208 3825 214 3837 „
257 3727 411 3857 gauit.
482 3724 677 3821 Eodem
704 3756 836 3846 anno
861 3724 963 3821 dux
982 3724 1201 3821 bawarie
1222 3722 1486 3817 Heinricus
1511 3754 1623 3816 cum
1645 3752 1783 3820 exer·

261 3846 366 3941 citu
387 3844 440 3936 in
460 3840 718 3938 subsidium
737 3844 844 3971 regi
862 3842 1204 3939 Romanorum
1225 3842 1449 3955 ueniens,
1472 3841 1795 3935 municiones,

259 3960 529 4089 superioris
562 3958 747 4056 austrie.
772 4010 779 4019 ’
806 3959 1046 4058 videlicet
1078 3956 1204 4055 wels
1234 3958 1365 4052 lincz
1397 3958 1529 4053 Steir
1565 3958 1790 4097 optinuit
1888 3952 1895 3972 ”
2005 4082 2010 4097 Ι
2121 4017 2127 4029 ·

255 4082 413 4205 seque
435 4109 545 4205 regi
564 4103 880 4173 romanorum
903 4077 1183 4205 obponens‚
1206 4106 1318 4170 cum
1343 4106 1459 4203 rege
1484 4073 1683 4173 boemie
1699 4073 1785 4172 ad·

258 4196 433 4292 uersus
457 4226 572 4292 eum
594 4196 903 4336 conspirauit.
1467 4232 1474 4243 ·
1772 4224 1778 4234 ·

385 4312 762 4435 M.cc.lxnvi1i.
791 4311 904 4407 Rex
924 4309 1123 4408 boemie
1148 4306 1594 4426 Otakarussrenest
1621 4311 1785 4438 super·

263 4422 350 4527 bie
371 4426 696 4529 inflammatus
715 4429 883 4555 spiritu
903 4430 1059 4554 ipsum
1081 4427 1334 4524 diabolico
1357 4426 1613 4554 instigante
1634 4430 1786 4523 iusiu-

175 4575 178 4583 ’
265 4544 478 4674 randum
509 4546 657 4673 quod
665 4546 975 4674 presentibus
996 4544 1507 4671 multis'optimatibus
1530 4562 1580 4641 et
1605 4545 1787 4641 nobili·

265 4664 362 4762 bus
395 4660 673 4759 alamannie
703 4666 817 4805 regi·
852 4668 1101 4765 iurauerat
1136 4662 1478 4759 Romanorum
1550 4662 1785 4791 oupofitis

182 4856 194 4899 ,
265 4780 568 4916 verecundie
590 4782 748 4881 titulis
769 4780 970 4911 infregit
988 4782 1120 4909 proh
1140 4779 1290 4903 dolor
1312 4780 1495 4879 manise
1535 4780 1786 4993 erhabens
1852 4791 1869 4813 ““

1179 4978 1182 4983 .
1585 4928 1727 4999 ecum
