4742 6067
1307 415 1465 499 ιμ’)
2121 379 3274 481 OBSERVATIONES

1392 605 1803 688 Hactenus
1837 592 2396 684 eruditissimus
2418 664 2440 698 ,
2473 607 2611 683 ide
2806 630 2850 683 e
2882 601 3612 688 Revereudimmus
3647 604 4198 712 acPermussffl·

1199 716 1615 791 Dominus·
1659 709 2114 786 canonicus
2171 723 2252 785 et
2288 709 2685 785 Commen
2747 723 2926 785 ator
2975 708 3079 784 de
3116 707 3536 802 Smitmer,
3588 717 3806 790 cuius
3859 730 4191 835 angulari

1203 805 1771 892 benevolentia
1810 811 1891 888 ἃ
1927 814 2285 890 amicitia
2379 813 2755 887 lurimum
2791 813 3116 915 glorior.
3208 809 3584 894 ‚observo
3607 871 3630 905 ,
3667 816 3874 907 hunc
3910 857 4191 917 morem

1266 933 1631 997 arentum
1647 917 1983 993 nomina
2014 914 2166 990 suis
2188 916 2292 989 ad
2326 912 2690 990 cribendi
2723 913 2946 989 Italis
2979 916 3146 989 iam
3179 914 3369 988 inde
3392 938 3459 994 ‘a
3493 918 3760 996 multis
3793 928 4075 1013 saeculis
4108 965 4193 1018 ac

1201 945 1451 1097 bodie
1489 1041 1804 1121 quoque
1842 1018 1927 1092 in
1961 1017 2099 1093 usu
2134 1015 2323 1092 effe:
2373 1011 2715 1116 idquod
2754 1017 3073 1092 adiecta
3110 1038 3314 1109 voce
3351 1019 3741 1123 quondam
3789 1039 3921 1113 vel
3940 1034 4072 1136 ᾗ,
4118 1044 4194 1120 id
4267 1047 4280 1062 ·

1193 1124 1352 1216 est,
1408 1123 1763 1199 defuncti
1796 1120 1931 1195 vel
1967 1121 2265 1196 mortui
2300 1120 2777 1219 exprimere-
2795 1118 3066 1193 solent.
3157 1115 3597 1212 Caeterum,
3648 1119 3697 1196 fi
3737 1140 4049 1235 quidem
4066 1143 4196 1223 En,

1091 1294 1136 1303 .,
1205 1226 1507 1302 nmchel
1540 1229 1626 1300 in
1659 1222 2028 1329 praesenti
2065 1221 2250 1295 loco
2292 1233 2452 1296 non
2489 1224 2948 1321 proprium,
2985 1221 3118 1295 sed
3154 1222 3736 1323 appellativum
3766 1265 4063 1321 nomen.
4086 1245 4199 1338 est,

1206 1348 1370 1399 non
1406 1336 1778 1431 nepotem·
1810 1326 1980 1424 (cui
2018 1324 2487 1428 germanica
2519 1346 2688 1398 vox
2722 1322 2951 1400 Enkel
2984 1322 3448 1429 respondet)
3495 1323 3632 1399 sed
3667 1341 4095 1448 abnepotem
4130 1348 4200 1421 fi.

1264 1426 1587 1503 nificare
1625 1429 1944 1504 videtur
1960 1455 1983 1513 ;
2053 1426 2268 1527 quod
2320 1427 2541 1499 enim
2589 1422 2937 1525 probato
3029 1430 3437 1502 ermanico
3473 1436 3873 1517 vocabulo
3923 1447 4206 1527 (sq-mm

1206 1452 1592 1621 dicimus,
1645 1531 1728 1604 id
1766 1532 1846 1605 in
1888 1527 2302 1607 Austriaco
2339 1528 2729 1602 idiomate
2768 1548 2976 1602 voca
3041 1528 3169 1603 ulo
3207 1530 3523 1606 Emukel
3559 1531 4017 1644 designatur,

1398 1631 1539 1706 111.
1612 1632 1971 1707 Primum
2009 1630 2515 1731 opusculum,
2570 1628 2786 1728 quod
2837 1626 2966 1703 hic
3024 1628 3410 1718 exhibeo,
3462 1632 3564 1706 de
3600 1642 3928 1723 Austriae
3965 1644 4038 1721 &
4073 1648 4208 1722 sti.

1205 1734 1348 1808 riae
1384 1732 1715 1825 finibus,
1770 1728 2298 1835 a'perspicaci
2352 1753 2620 1805 rerum
2675 1731 3376 1831 diplomaticarum
3427 1735 3691 1820 iudice
3744 1747 4040 1825 Ioanne
4073 1746 4219 1824 Be·

1208 1836 1533 1911 nedicto
1574 1833 2034 1926 Gentiloto,
2085 1835 2168 1907 in
2207 1834 2808 1907 commentariis
2846 1830 3123 1934 saepius
3161 1836 3547 1928 laudatiS,
3598 1845 4033 1951 Anonymo
4068 1854 4213 1926 cui.

1211 1940 1404 2013 dam
1439 1936 1845 2013 tribuitur:
1900 1961 2053 2041 ego
2109 1935 2308 2009 illud
2346 1934 2629 2009 Ioanni
2667 1932 3199 2021 Enninchelio
3255 1938 3536 2024 deberi
3574 1974 3679 2023 ex
3715 1953 4065 2054 pluribus
4102 1978 4216 2028 ar-

1213 2042 1609 2144 gumentis
1650 2041 2019 2117 coniicio.
2123 2034 2343 2113 Nam
2381 2038 2461 2110 in
2499 2035 2860 2137 pluribus
2919 2037 3490 2123 celeberrimae.
3514 2049 4035 2132 Bibliothecae
4067 2055 4216 2131 'Pa-

1209 2145 1482 2217 latinae
1519 2140 1931 2219 codicibus
1967 2164 2131 2215 non
2168 2139 2415 2214 modo
2454 2137 2697 2214 ambo
2737 2138 3114 2239 opuscula
3163 2145 3513 2223 indicato
3575 2153 3853 2254 ordine
3909 2158 4039 2233 fibi
4072 2157 4219 2232 suc..

1218 2246 1553 2337 cedunt,
1605 2246 1738 2320 sed
1778 2248 2023 2320 etiam
2059 2266 2209 2343 per
2242 2240 2786 2340 interpositam
2826 2240 3158 2319 brevem
3210 2247 3614 2333 rubricam
3665 2259 4221 2359 ita-conectun-

1212 2361 1383 2440 tur,
1435 2362 1521 2422 ut
1556 2357 1993 2451 appareat,
2048 2358 2465 2442 utrumque
2505 2344 2879 2418 eumdem
2935 2351 3742 2449 auctorem-haberm
3796 2366 4004 2442 unde
4057 2388 4258 2460 cum·

1212 2448 1682 2550 rhythmica
1732 2448 2063 2525 Austriae
2104 2444 2183 2520 &
2222 2444 2484 2519 Stiriae
2540 2444 2860 2521 Ducum
2915 2446 3234 2525 historia
3281 2455 3653 2539 indubius
3703 2464 4028 2542 Ioannis
4076 2465 4227 2556 En·

1212 2551 1620 2644 nenchelii
1657 2550 2063 2643 foetus.fit‚
2120 2547 2336 2648 quod
2394 2548 2714 2622 adiecto
2772 2547 2906 2624 sub
2960 2553 3271 2627 initium
3311 2554 3442 2634 suo
3485 2560 3562 2637 &
3598 2571 3882 2669 patriae
3921 2571 4226 2651 nomine
4271 2562 4279 2567 ’

1215 2655 1384 2755 ipse
1423 2653 1780 2745 testatur,
1837 2650 2207 2749 consequi
2263 2649 2622 2741 videtur,
2674 2652 3021 2750 primam
3081 2681 3397 2756 quoque
3450 2663 4085 2766 lucubrationem
4126 2672 4228 2749 ei·
4317 2693 4322 2699 ·

1222 2758 1409 2830 dem
1448 2750 2405 2856 Scriptori.tribuendam
2461 2748 2634 2823 eise.
2740 2752 3123 2846 Accedit,
3181 2765 3441 2858 quod,
3495 2793 3670 2853 cum
3709 2773 4228 2856 Ennencheli-

1145 2832 1189 2866 ⁸
1220 2879 1353 2946 ua,
1409 2882 1514 2932 ex
1552 2854 1880 2975 equestri
1915 2859 2022 2956 in·
2052 2849 2367 2927 Austria
2418 2849 2734 2926 familia
2787 2868 3057 2947 natus,
3116 2857 3194 2932 ἃ
3233 2880 3415 2941 ante
3471 2874 3824 2952 medium
3880 2877 4233 2953 saeculum

1222 2957 1447 3054 xm.
1487 2960 1747 3034 adhuc
1787 2960 2059 3046 vivus,
2115 2953 2455 3055 apochae
2490 2954 2652 3046 illi,
2709 2979 2864 3054 qua
2919 2954 3164 3036 Stiria
3199 2964 3305 3037 ad
3339 2970 3790 3054 Austriacos
3829 2978 4233 3082 Principes

1218 3062 1634 3161 pervenit,
1690 3085 2005 3134 coaevus
2047 3057 2271 3148 effet,
2329 3055 2409 3130 &
2445 3055 2950 3134 scientiarum
3007 3062 3646 3173 laude-floreret,
3694 3082 3762 3155 is
3802 3081 4033 3175 effet,
4087 3107 4236 3181 quo
4336 3161 4344 3170 ,

1220 3164 1364 3236 vix
1402 3163 1600 3234 alius
1639 3162 1926 3235 melius
1968 3158 2047 3233 ἃ
2084 3160 2444 3231 exactius
2478 3158 2580 3233 de
2616 3157 2772 3232 hoc
2810 3178 3278 3263 argumento
3315 3173 3655 3257 scrib'ere
3690 3183 3968 3284 polret.
4069 3184 4239 3261 Nec

1215 3258 1986 3361 praetermittendum
2026 3256 2168 3346 est,
2204 3281 2585 3375 magnam
2619 3260 2700 3331 in
2742 3273 3072 3379 utroque
3112 3288 3360 3367 opere
3399 3278 3789 3378 phraiium
3829 3283 3916 3363 &
3952 3288 4124 3389 styli
4160 3290 4239 3364 fi·

1216 3361 1753 3436 militudinem
1790 3357 2313 3460 deprehendi,
2352 3359 2563 3458 quod
2605 3373 2944 3437 curatius
2982 3366 3231 3445 ambo·
3263 3374 3708 3480 legentibus
3732 3386 4245 3467 &conferen-

1217 3462 1428 3537 tibus
1463 3462 1965 3564 perspicuum
2001 3461 2400 3536 reddetur.
2504 3460 2840 3553 Fateor,
2892 3464 3013 3540 his
3052 3486 3535 3574 argumentis
3569 3502 3873 3566 tantum
3996 3494 4239 3570 ondus

1217 3588 1381 3641 non
1421 3565 1682 3657 iness'e,
1721 3580 1805 3639 ut
1839 3564 2309 3640 adnotatum
2343 3561 2841 3639 schediasma
2878 3594 2980 3643 ex
3017 3570 3547 3661 Ennenchelii
3586 3592 3904 3670 calamo
3985 3595 4244 3689 moire,

1092 3671 1097 3677 '
1213 3666 1626 3744 manifeste
1665 3670 2078 3757 evincant,
2113 3665 2311 3739 illud
2349 3678 2616 3740 tamen
2655 3667 2750 3741 iis
2789 3671 3074 3759 confici
3110 3682 3466 3766 existimo
3503 3696 4049 3774 coniecturam
4085 3722 4244 3774 me-

1222 3792 1355 3847 am
1392 3796 1552 3846 non
1592 3775 1919 3845 omnino
1956 3769 2469 3846 temerariam
2509 3768 2683 3845 eise.
3731 3807 3747 3821 ·

1413 3873 1559 3948 IV.
1614 3874 2028 3964 Alterum,
2083 3870 2298 3972 quod
2352 3869 2511 3945 hoc
2565 3872 2749 3949 loco
2807 3875 3131 3975 adfero,
3187 3885 3711 3974 Ennenchelii
3752 3925 4004 4003 opus,
4054 3900 4243 4004 rhy-

1222 3977 1523 4053 thmica
1560 3977 1889 4052 Austriae
1931 3973 2008 4050 ἃ
2048 3974 2308 4049 Stiri‘ae
2346 3998 2451 4048 ex
2489 3973 3100 4085 Babenbergica
3137 4008 3372 4092 gente
3409 3996 3868 4103 Principum
3924 4006 4248 4082 historia

1123 4078 1134 4086 ’
1228 4079 1375 4167 est,
1431 4098 1605 4177 quae
1641 4082 1718 4153 in
1758 4076 2130 4153 indicatis
2186 4075 2600 4152 codicibus
2654 4083 2904 4178 priori
2957 4086 3177 4164 illico
3217 4093 3723 4205 subiungitur.
3824 4106 3919 4182 In
3961 4110 4264 4185 codice-

1220 4179 1461 4268 MS0,
1518 4183 1646 4279 qui
1688 4184 1881 4255 olim
1918 4182 1998 4253 in
2039 4177 2643 4280 Windhagiana
2680 4179 3186 4267 Bibliotheca
3218 4195 3716 4297 servabatur,
3771 4208 4072 4286 deinde
4113 4236 4250 4286 au·

1223 4297 1390 4358 tem
1428 4281 1812 4358 Palatinae
1850 4282 2175 4358 insertus
2234 4280 2451 4371 fuit,
2477 4281 2930 4397 sequentem
2970 4290 3279 4373 titulum
3314 4304 3393 4376 in
3433 4304 3691 4382 fronte
3729 4296 3973 4412 gerit:
4058 4312 4245 4391 Far·

1200 4381 1560 4482 ‚stmlmch
1591 4407 1753 4463 von
1814 4381 2242 4481 aester-reich
2270 4382 2438 4459 vnd
2475 4385 2694 4487 Steyr
2728 4391 2990 4469 Herm
3031 4395 3292 4501 Iansen
3333 4404 3468 4481 des
3513 4408 3958 4489 Ennenchel.
4032 4431 4242 4508 1230.

1075 4551 1082 4558 .
1226 4508 1485 4583 eoque
1539 4487 1860 4561 nomine
1914 4484 2193 4587 passim
2248 4487 2648 4583 appellari
2706 4490 3128 4569 consuevit.
3228 4497 3656 4583 Indubium
3706 4508 3860 4583 hoc
3918 4508 4249 4585 Ennen-

1220 4586 1462 4662 chelii
1504 4614 1704 4691 opus
1745 4588 1935 4680 eise,
1986 4588 2219 4686 ipsius
2252 4584 2635 4664 Auctoris
2689 4590 3210 4674 testimonium
3263 4603 3679 4685 clariffime
3735 4612 4246 4689 demonstrat.

1223 4688 1645 4768 Historiam
1683 4690 2256 4770 marchionum
2296 4686 2373 4764 ἃ
2406 4691 2734 4774 Ducum
2767 4692 3095 4778 Austriae
3131 4724 3183 4778 a
3211 4708 3480 4808 prima
3517 4711 3822 4823 origine
3863 4741 4118 4817 usque
4144 4714 4252 4793 ad

3926 4818 4148 4894 eele-
