4742 6067
590 440 604 491 ·.
644 432 730 521 ,470
913 422 951 514 J
1011 488 1016 495 ,
1069 388 1150 494 1κρ
1198 408 1639 497 cunonrcon

605 628 678 725 lui
706 624 886 721 iurisa
913 616 1084 715 boemi
1112 620 1333 715 exercitu
1364 612 1533 711 ualido
1564 610 1827 711 inuaditur.
1878 629 2111 714 exercitus

584 694 748 848 ducis
767 734 950 837 'austrie
1019 736 1186 834 ellitur
1217 732 1559 865 eadcmregi'o
1591 731 1835 830 incendiis
1864 748 1918 828 et
1948 732 2112 863 depre·
2253 740 2255 745 ’

333 865 337 872 “
483 883 485 886 ’
592 856 899 964 dationibus
921 856 969 951 b·
995 859 1096 953 aric
1126 855 1436 950 consumitur.
1466 853 1725 947 innumera
1753 850 2018 948 multitudo
2043 884 2118 949 ca·-

592 980 838 1111 .ptiuatnr.
1350 1016 1353 1042 .
1848 1083 1853 1093 ‚
2085 1087 2089 1096 Ι

592 1140 599 1195 ;
694 1184 700 1192 .
726 1094 798 1190 M.
812 1089 960 1187 clxx.
972 1095 1058 1192 vii
1096 1092 1346 1189 Dominus
1376 1118 1506 1301 pafo
1537 1084 1805 1183 alexander
1834 1096 1885 1185 et
1915 1090 2112 1217 impera·
2149 1168 2154 1185 .

596 1224 702 1315 ‚tor
728 1210 989 1307 fridericus
1033 1210 1257 1307 concillo:
1278 1206 1437 1335 glono
1460 1237 1490 1299 o
1522 1207 1720 1301 venetie
1751 1204 1924 1303 habito
1992 1206 2110 1301 arili-
2262 1244 2265 1252 ⁴

596 1336 797 1431 runnu:
838 1417 843 1425 .
883 1326 1117 1425 scismate
1133 1326 1358 1424 ,cellantc
1399 1324 1453 1419 fit
1480 1325 1588 1418 laus
1619 1322 1710 1418 tibi
1748 1323 1907 1449 gloria
1938 1237 2111 1421 cbristo.

604 1446 909 1548 adalbertus
939 1446 1148 1543 boemus
1190 1442 1589 1571 archiepiscopus·
1626 1441 1738 1537 Salz
1774 1440 1989 1569 urgensis
2027 1469 2111 1569 pro

606 1566 748 1671 bono
787 1564 924 1694 pacis
964 1563 1026 1659 ab
1057 1562 1325 1691 apostolico
1367 1560 1645 1701 deponitur.
1782 1558 1974 1657 unrado
2018 1590 2113 1655 mo·
2233 1663 2237 1672 ,

600 1683 818 1811 gontino
839 1677 1156 1778 'succedente
1266 1680 1527 1773 Heinncus
1557 1676 1660 1773 dux
1688 1676 1859 1775 aultrie
1891 1678 1956 1775 de
1989 1708 2016 1773 e
2052 1708 2112 1776 uo

609 1797 809 1896 corruit.
861 1797 1019 1895 fracto
1054 1830 1118 1895 ue
1149 1796 1280 1924 peda
1320 1796 1597 1920 inlinnatus
1628 1796 1991 1923 aliquantulum

589 1918 795 2128 ‘mineffi
826 1916 974 2129 suffit.
1005 1914 1142 2055 fiJUss‘
1162 1916 1269 2011 eius
1298 1908 1813 2041 liu'poldus'ducatum
1842 1912 2059 2041 suscepit

575 2072 578 2077 ·
790 2065 853 2128 .c.
953 2066 1073 2129 ,unu
1533 2087 1536 2111 ι
1634 2101 1637 2105 -
1752 2064 1758 2084 ·
1858 2094 1862 2101 -
2042 2121 2045 2127 .

670 2196 674 2204 ·
723 2150 797 2250 Μ.
811 2182 849 2248 c.
861 2150 958 2245 lxx.
970 2153 1085 2246 viiii
1115 2149 1376 2247 Heinricus
1408 2146 1513 2245 dux
1538 2150 1736 2247 saxonie
1766 2147 2005 2245 Maidbur
2037 2180 2112 2245 en·

383 2229 388 2245 ι
446 2283 455 2297 ’
548 2290 554 2304 “
606 2270 718 2365 lem.
750 2266 1097 2365 coloniensem.
1126 2267 1580 2365 Halbcrllatenfem.
1611 2267 1829 2363 ibicum
1849 2270 2026 2366 maior!
2060 2298 2110 2363 11⁸

599 2402 740 2486 terre
779 2384 1081 2481 rebellantes
1122 2384 1377 2481 incendiis.
1428 2399 1481 2480 et
1507 2383 1677 2512 preliis
1717 2381 1914 2481 diuersis
1957 2386 2109 2483 uastat
2183 2440 2186 2445 Δ

408 2534 412 2545 ’
507 2508 512 2515 ’
598 2505 694 2599 ubi
726 2502 1017 2642 episcopalis
1049 2504 1249 2599 ecclesia
1276 2500 1659 2598 halberstatensis
1702 2530 1813 2597 cum
1844 2502 2035 2599 clericis
2063 2503 2162 2597 in.

602 2621 677 2723 ibi
696 2619 1012 2721 latitanubus
1033 2620 1279 2747 inprouisa
1307 2650 1337 2713 a
1359 2619 1532 2715 sela-uis
1557 2622 1811 2715 crematur.
1843 2621 2107 2749 episcopus.

598 2736 653 2835 d.
685 2741 888 2865 capitur.
913 2738 1208 2835 uinculatur.
1238 2736 1409 2863 Pugna
1440 2737 1502 2833 ab
1535 2735 1725 2833 eodem.
1756 2736 2108 2834 Halberstaten·

590 2854 649 2957 li.
692 2886 802 2951 cum
833 2855 940 2950 lant
997 2856 1120 2951 auiis
1148 2869 1202 2950 et
1230 2854 1338 2950 aliis
1367 2856 1562 2981 imperii
1590 2854 1864 2953 fautoribus
1896 2859 2108 2953 commit·

475 3036 478 3045 -
601 2973 735 3113 titur.
785 2986 837 3069 et
867 2972 939 3070 eis
968 3002 1047 3069 cm
1076 2971 1461 3101 melioribusque
1491 2972 1657 3069 multis
1688 2975 1857 3101 captis.
1909 2974 2108 3071 uictoria

641 3106 805 3188 otltur.
1268 3131 1271 3139 ·
1995 3187 2000 3195 ,
2063 3123 2068 3134 “

601 3122 638 3217 P
688 3208 1002 3330 ''M.·c.lxxr‘c.
1046 3207 1308 3305 Heinricus
1347 3204 1458 3305 dux,
1491 3208 1708 3305 Saxonie
1751 3212 2106 3307 communicato

479 3371 488 3383 ·
606 3323 808 3422 sonli'lio
849 3324 1129 3449 principum
1159 3324 1222 3418 ab
1252 3326 1549 3451 imperatore
1580 3324 1813 3424 friderico
1854 3328 2107 3425 ducatibus

597 3440 822 3539 bawarie
850 3454 907 3543 ,ct
932 3440 1133 3537 smerde
1162 3442 1397 3568 priuatur.
1441 3474 1533 3569 pro
1565 3472 1667 3569 quo
1697 3444 1956 3541 Palatinus
1989 3448 2107 3542 Otto

428 3660 432 3668 ,
602 3558 777 3662 senior.
808 3556 1037 3661 bawarie.
1064 3556 1382 3655 Bemhardus
1413 3590 1581 3656 comes
1607 3560 1826 3671 ⁴Saxonie
1857 3562 2107 3691 preficiun-

486 3786 492 3801 ,
598 3692 693 3781 tur·
782 3674 1025 3802 Styrenlis
1056 3677 1205 3771 etiam
1233 3677 1451 3773 marchio
1474 3676 1707 3775 Odoacer
1737 3695 1961 3779 mutuato
1993 3682 2107 3779 anti·

602 3796 804 3923 quitatis
836 3795 1039 3889 nomine
1070 3792 1176 3888 dux‘
1202 3794 1442 3920 appellari
1470 3795 1721 3922 gloriatur.
1882 3820 1885 3830 ⁴
1983 3826 2012 3853 «·

349 3908 352 3911 ’
490 3926 497 3931 ·
633 3946 636 3951 ·
718 3906 1347 4007 M.c.1xxx'i.Ad1audem
1377 3915 1591 4009 nominis
1621 3911 1716 4012 dei.
1767 3915 1865 4014 hoc
1897 3946 2029 4015 anno
2058 3920 2105 4013 in

463 4160 467 4165 ι
591 4026 985 4153 ⁴metropolitana
1015 4028 1215 4164 ecclefia
1244 4026 1450 4156 Silzpur
1483 4064 1510 4127 e
1541 4030 1571 4130 li
1640 4036 1683 4128 is
1703 4049 1755 4130 et
1775 4032 2015 4164 prodigiis
2039 4033 2104 4130 di·

599 4146 747 4242 uersis
786 4144 1078 4261 claruerunt.
1128 4146 1217 4241 Vir
1251 4146 1373 4243 lius.
1478 4148 1567 4244 ber
1603 4146 1763 4247 ardus.
1814 4152 2101 4251 Hertwicus.

601 4262 967 4401 archiepiscopi.
999 4278 1050 4356 et
1070 4262 1203 4389 apud
1244 4266 1440 4360 anctum
1461 4266 1676 4364 Petrum.
1706 4269 1899 4367 sanctus
1918 4271 2100 4367 Vitalis
2220 4282 2225 4289 ’

419 4423 426 4438 ·
597 4368 899 4477 Pataurenlis
930 4378 1130 4475 ecclelia
1159 4384 1447 4478 matronalis
1478 4416 1588 4481 cum
1612 4400 1721 4481 tota
1744 4416 1875 4513 pene
1906 4390 2098 4485 ciuitate
2200 4413 2213 4452 '·

597 4495 833 4594 incendio
866 4494 1096 4592 familiari
1125 4500 1435 4597 consumitur.
1536 4500 1743 4600 Grando
1774 4502 2023 4603 horribilis
2052 4518 2099 4603 et
2137 4510 2145 4529 ”

562 4692 565 4695 .
598 4628 958 4729 momentanea.
988 4613 1054 4714 iii
1085 4613 1196 4714 idus
1226 4618 1360 4716 iunii.
1391 4620 1672 4719 innumeras
1701 4623 1932 4753 regiones
1947 4624 2097 4838 deda·

618 4786 629 4811 e
1180 4818 1183 4821 ,
1276 4790 1283 4821 r
1983 4772 2011 4837 a
