4742 6067
480 498 484 509 .
613 473 729 548 Μ
1101 438 1156 517 x.
1205 424 1611 550 ,cunculcon

427 739 430 743 Α
602 624 753 745 benfi.
806 642 988 741 multas
1048 642 1195 739 uillas
1254 646 1446 773 rapinis
1476 652 1590 743 serp·
1611 642 1865 788 incendiis,
1885 629 2112 742 'uastare-s

569 781 867 1011 'mntMo'rs
898 881 1210 1007 imperatoris
1233 854 1470 977 Fridcrici
1500 868 1801 1095 propalatur.
1828 894 1879 977 et
1902 876 2115 976 Chunra·

565 1036 568 1045 ·
604 1000 701 1098 dus
735 1032 824 1139 rex
853 997 916 1139 acl
947 1014 1115 1139 partes
1144 998 1276 1099 Reni
1306 996 1510 1095 festinat.
1636 993 1811 1128 clyplis
1841 1002 1961 1095 lunc
1992 998 2117 1096 facta
2214 1028 2218 1037 ¹

602 1120 674 1217 cst
702 1118 828 1213 sena
851 1148 914 1212 vr.
944 1148 997 1211 1n
1016 1132 1166 1212 nocte
1198 1132 1314 1211 ante
1343 1146 1506 1213 ramos
1537 1116 1823 1243 palmarum.
1911 1152 1920 1161 ·
2007 1208 2011 1215 .

617 1268 621 1273 ·
739 1237 799 1330 In
822 1236 928 1448 ipsa
971 1232 1337 1359 quadragesima
1377 1234 1608 1331 dominus
1649 1232 1944 1362 perhtoldus
1988 1250 2118 1375 pata·

393 1365 397 1382 '
459 1470 463 1477 Ι
604 1355 782 1473 uieniis
827 1369 1016 1449 eectus
1063 1351 1352 1449 ordinemd
1392 1369 1632 1449 aconatus
1674 1368 1729 1449 et
1753 1352 2034 1450 sacerdocri.
2065 1386 2116 1449 ac

603 1476 762 1569 eciam
796 1467 1225 1566 consecracionem
1247 1472 1328 1595 cpi
1349 1471 1680 1597 copalem.„in
1709 1468 1953 1569 Bohemia
1989 1492 2134 1566 rece·'

528 1629 530 1633 ·
603 1594 694 1717 pit.
726 1589 788 1683 ab
811 1590 1051 1717 episcopis
1075 1586 1408 1691 Olomucienii
1439 1586 1676 1683 uidelicet
1706 1602 1757 1682 et
1775 1588 2036 1715 Pragienfi.

725 1705 940 1801 Castrum
963 1708 1016 1799 in
1035 1704 1281 1832 Teispach
1305 1736 1332 1801 a
1353 1703 1597 1805 Ludwico
1620 1703 1746 1800 duce
1768 1721 1916 1801 nocte
1978 1738 2033 1801 er
2052 1708 2119 1799 iu·

603 1822 746 1921 fidias
777 1855 868 1950 pro
898 1880 902 1889 ·
936 1838 1039 1917 arte
1071 1839 1283 1949 captum.
1317 1836 1367 1915 et
1389 1853 1481 1947 pro
1507 1836 1649 1947 parte
1671 1820 1903 1919 obsoffum
1966 1822 2120 1919 estrui÷

484 1968 490 1996 ·
605 1960 700 2040 tur.
733 1956 784 2038 et
806 1940 860 2037 fo
896 1955 977 2035 ata
1007 1940 1114 2035 eius
1144 1940 1432 2034 mirabiliter
1461 1938 1617 2035 forcia
1648 1940 2042 2066 complanantur.
2073 1954 2120 2035 et

559 2128 564 2135 ·
605 2094 673 2157 ex
694 2060 792 2156 hoc
812 2058 1040 2155 Bawaria
1069 2058 1121 2153 in
1144 2088 1205 2151 ca
1229 2056 1374 2151 estate
1405 2087 1497 2184 pro
1520 2088 1601 2151 ma
1635 2088 1698 2153 na
1718 2074 1860 2195 parte
1881 2055 2120 2153 incendiis
2181 2168 2183 2171 ¹

604 2183 792 2320 flagrat„
821 2176 1060 2273 Bohemis
1078 2190 1271 2302 partem
1289 2172 1486 2277 Albani
1516 2176 1594 2300 ep'
1618 2206 1734 2302 copr
1757 2172 2119 2302 Ratisponenfis

603 2294 957 2401 adruuantibus
989 2307 1162 2387 contra
1192 2288 1360 2385 duces.
1629 2342 1677 2373 ·.
1767 2384 1771 2391 ,
1848 2335 1851 2341 ·

608 2524 612 2531 ,
647 2439 650 2450 ·
726 2408 1021 2508 Chunradus
1043 2410 1156 2505 Rex
1175 2411 1228 2503 in
1253 2406 1373 2506 festo
1394 2408 1743 2535 Apostolorum
1765 2408 1904 2510 Petri
1922 2426 1982 2511 ,et
2000 2410 2119 2505 Pau·

604 2532 644 2627 li
669 2560 781 2628 cum
797 2530 989 2625 Ottonc
1012 2524 1141 2621 duce
1167 2539 1288 2651 aput¹
1309 2525 1595 2623 Chambiam
1617 2527 1840 2631 ueniunt„
1862 2540 1993 2653 quos
2016 2526 2120 2623 Rex

603 2646 946 2747 Bohemorum
968 2643 1141 2741 uidere
1168 2644 1471 2769 contempsit.
1594 2696 1599 2717 ·
2094 2635 2103 2658 '

727 2764 853 2861 Otto
879 2759 981 2857 dux
1005 2758 1209 2857 castrum
1239 2774 1290 2855 et
1316 2758 1557 2888 oppidum
1586 2762 1639 2857 in
1663 2748 1995 2893 Dingoluing,
2012 2792 2119 2857 con·

401 2946 420 2964 ··
540 3014 543 3023 Ι
602 2884 786 2985 struere
819 2883 965 3009 cepit.

724 2997 918 3096 Eodem
941 3027 1073 3092 anno
1094 2993 1390 3091 chunradus
1414 2994 1525 3092 Rex
1554 2998 1606 3093 in
1626 3013 1897 3129 autumpno
1922 2996 2120 3093 intrauit

563 3168 566 3173 ·
603 3121 838 3248 apuliam.
870 3131 921 3213 et
945 3114 1131 3211 ibidem
1143 3130 1316 3211 -totum
1339 3145 1546 3241 regnum
1578 3120 1998 3243 ‘rtz‘natfpntenter
2019 3113 2119 3241 pos·

548 3306 552 3312 »
603 3238 741 3350 fedic
762 3249 936 3330 'contra
945 3232 1344 3371 prohibicionem
1364 3232 1552 3329 domini
1565 3164 1853 3331 innocencii
1862 3234 1969 3329 nn.
1981 3240 2117 3358 pape}
2136 3250 2139 3255 “

724 3353 811 3447 Μ’.
825 3353 909 3444 cc⁰.
921 3351 1004 3443 111⁰.
1050 3351 1175 3443 Otto
1196 3348 1298 3443 dux
1326 3348 1552 3447 Bawarie
1586 3384 1770 3447 nouam
1792 3366 2045 3446 monetam
2071 3349 2118 3444 in

605 3459 900 3568 Landeihirt
926 3464 1156 3561 fabricari
1189 3465 1324 3561 iuffit.
1376 3468 1504 3561 circa
1536 3472 1736 3565 inicium
1769 3468 1938 3564 messis.
1992 3468 2139 3561 mam

434 3660 440 3669 x
605 3588 733 3684 dans
754 3587 884 3713 ipsos
909 3583 1154 3680 denarios.
1187 3601 1238 3681 et
1258 3615 1361 3679 non
1385 3584 1511 3681 alios
1532 3590 1687 3713 recipi
1716 3589 1769 3681 in
1801 3600 1912 3683 toto
1936 3586 2023 3681 suo
2054 3582 2117 3677 di·

452 3720 461 3727 ’
604 3706 780 3803 strictu.
823 3718 874 3799 et
909 3703 1178 3798 exercitum
1217 3701 1383 3797 uersus
1420 3702 1640 3801 austriam
1668 3733 1890 3801 mouens.
1940 3705 1996 3797 in
2025 3703 2041 3795 i
2075 3698 2118 3793 sa

575 3917 580 3921 ,
605 3815 935 3950 expedicione
958 3818 1046 3914 filii
1068 3818 1138 3911 sui
1159 3817 1425 3921 Ludwicus
1450 3837 1501 3915 et
1523 3822 1857 3917 Heinricusin
1879 3733 2116 3947 festoniy·

504 4034 521 4067 f
605 3940 830 4037 chahelis
855 3953 975 4065 aput
995 3934 1135 4062 citing
1155 3936 1448 4039 militaribus
1472 3936 1647 4064 gladiis
1667 3940 1777 4033 sunt
1799 3939 2021 4061 accincti.
2106 4054 2110 4061 ⁸

725 4058 951 4153 Domina
970 4054 1251 4183 Elyzabeth
1275 4050 1375 4149 filia
1396 4055 1605 4155 Ottonis
1628 4054 1767 4153 ducis
1785 4052 2016 4152 Bawarie
2043 4084 2117 4180 ge·

604 4176 715 4273 nuit
728 4171 1001 4269 Chunrado
1024 4202 1078 4275 re
1114 4172 1130 4263 i
1151 4170 1304 4265 filium
1329 4174 1381 4271 in
1405 4170 1920 4273 dieAnnunciacionis
1941 4175 2141 4303 quiuo·¹

606 4308 745 4389 catus
765 4288 837 4385 est
858 4289 1060 4385 Chunra
1097 4321 1221 4387 rnus.
1735 4342 1739 4352 v
1925 4375 1966 4386 ..

722 4408 1029 4504 M⁰.cc⁰.liii⁰.
1063 4411 1189 4503 Otto
1223 4406 1323 4501 dux
1348 4406 1588 4507 Bawarie.
1620 4440 1730 4505 cum
1764 4410 1990 4507 heinrico
2023 4406 2114 4502 filio

596 4530 690 4625 <suo
738 4556 1003 4622 occurrere
1061 4526 1239 4637 uolens
1279 4524 1404 4621 Belc
1445 4524 1574 4655 Regi
1616 4528 1832 4655 Vngaric
1853 4582 1858 4593 ·
1883 4529 1969 4653 qui
2007 4540 2115 4621 tunc

602 4646 722 4746 ficut
753 4645 911 4771 priori
943 4668 1078 4739 anno
1112 4674 1222 4737 cum
1255 4641 1425 4737 ualido
1468 4646 1686 4741 exercitu
1728 4658 2042 4743 cumanorum
2070 4653 2116 4735 et

460 4849 465 4861 .
603 4791 919 4893 ungarorum
977 4762 1221 4879 Austriam
1245 4775 1296 4860 ct
1314 4760 1596 4865 Morauiam
1617 4766 1914 4880 intrauerat,
1944 4788 2115 4900 arnmo-

1004 4922 1042 4955 ··
1418 4908 1423 4919 ’
1912 4910 2061 4979 nrcro·
