<?xml version="1.0" encoding="UTF-8"?>
<!DOCTYPE html PUBLIC "-//W3C//DTD XHTML 1.0 Transitional//EN"
    "http://www.w3.org/TR/xhtml1/DTD/xhtml1-transitional.dtd">
<html xmlns="http://www.w3.org/1999/xhtml" xml:lang="en" lang="en">
 <head>
  <title>
</title>
<meta http-equiv="Content-Type" content="text/html;charset=utf-8" />
  <meta name='ocr-system' content='tesseract 3.04.00' />
  <meta name='ocr-capabilities' content='ocr_page ocr_carea ocr_par ocr_line ocrx_word'/>
</head>
<body>
  <div class='ocr_page' id='page_1' title='image "./rerumavstriacar02raucgoog_0159.png"; bbox 0 0 4742 6067; ppageno 0'>
   <div class='ocr_carea' id='block_1_1' title="bbox 633 370 1830 560">
    <p class='ocr_par' dir='ltr' id='par_1_1' title="bbox 633 370 1830 560">
     <span class='ocr_line' id='line_1_1' title="bbox 633 370 1830 560; baseline 0.003 -57"><span class='ocrx_word' id='word_1_1' title='bbox 633 440 705 560; x_wconf 68' lang='lat'><strong>¹³⁵?</strong></span> <span class='ocrx_word' id='word_1_2' title='bbox 1120 425 1197 521; x_wconf 86' lang='grc' dir='ltr'>ιιι,</span> <span class='ocrx_word' id='word_1_3' title='bbox 1248 370 1567 525; x_wconf 79' lang='lat' dir='ltr'><strong>nuonrur</strong></span> <span class='ocrx_word' id='word_1_4' title='bbox 1663 458 1677 556; x_wconf 62' lang='lat' dir='ltr'><em>g</em></span> <span class='ocrx_word' id='word_1_5' title='bbox 1826 422 1830 429; x_wconf 83' lang='lat'>·</span> 
     </span>
    </p>
   </div>
   <div class='ocr_carea' id='block_1_2' title="bbox 569 622 2035 1315">
    <p class='ocr_par' dir='ltr' id='par_1_2' title="bbox 571 622 1660 733">
     <span class='ocr_line' id='line_1_2' title="bbox 571 622 1660 733; baseline -0.005 -1"><span class='ocrx_word' id='word_1_6' title='bbox 571 636 639 733; x_wconf 89' lang='lat' dir='ltr'><strong>Et</strong></span> <span class='ocrx_word' id='word_1_7' title='bbox 664 660 775 726; x_wconf 91' lang='lat' dir='ltr'><strong>cum</strong></span> <span class='ocrx_word' id='word_1_8' title='bbox 795 622 1149 725; x_wconf 76' lang='lat' dir='ltr'><strong>innocentibus</strong></span> <span class='ocrx_word' id='word_1_9' title='bbox 1167 623 1424 723; x_wconf 80' lang='lat' dir='ltr'><strong>ierusalem</strong></span> <span class='ocrx_word' id='word_1_10' title='bbox 1446 628 1660 727; x_wconf 85' lang='lat' dir='ltr'><strong>intrabit.</strong></span> 
     </span>
    </p>

    <p class='ocr_par' dir='ltr' id='par_1_3' title="bbox 572 738 1675 868">
     <span class='ocr_line' id='line_1_3' title="bbox 572 738 1675 868; baseline -0.004 -21"><span class='ocrx_word' id='word_1_11' title='bbox 572 750 715 847; x_wconf 88' lang='lat' dir='ltr'><strong>Mare</strong></span> <span class='ocrx_word' id='word_1_12' title='bbox 740 744 871 840; x_wconf 83' lang='lat' dir='ltr'><strong>hccis</strong></span> <span class='ocrx_word' id='word_1_13' title='bbox 895 738 1105 868; x_wconf 83' lang='lat' dir='ltr'><strong>pedibus</strong></span> <span class='ocrx_word' id='word_1_14' title='bbox 1136 743 1331 843; x_wconf 85' lang='lat' dir='ltr'><strong>securus</strong></span> <span class='ocrx_word' id='word_1_15' title='bbox 1363 745 1584 845; x_wconf 89' lang='lat' dir='ltr'><strong>calcabit.</strong></span> <span class='ocrx_word' id='word_1_16' title='bbox 1671 858 1675 865; x_wconf 16' lang='lat' dir='ltr'><em>A</em></span> 
     </span>
    </p>

    <p class='ocr_par' dir='ltr' id='par_1_4' title="bbox 572 860 1648 989">
     <span class='ocr_line' id='line_1_4' title="bbox 572 860 1648 989; baseline -0.003 -27"><span class='ocrx_word' id='word_1_17' title='bbox 572 868 784 962; x_wconf 87' lang='lat' dir='ltr'><strong>quenes</strong></span> <span class='ocrx_word' id='word_1_18' title='bbox 805 875 860 955; x_wconf 89' lang='lat' dir='ltr'><strong>et</strong></span> <span class='ocrx_word' id='word_1_19' title='bbox 879 860 931 953; x_wconf 91' lang='lat' dir='ltr'><strong>ui</strong></span> <span class='ocrx_word' id='word_1_20' title='bbox 988 860 1242 979; x_wconf 85' lang='lat' dir='ltr'><strong>inescaste</strong></span> <span class='ocrx_word' id='word_1_21' title='bbox 1268 862 1538 989; x_wconf 80' lang='lat' dir='ltr'><strong>copulabit.</strong></span> <span class='ocrx_word' id='word_1_22' title='bbox 1644 880 1648 888; x_wconf 86' lang='grc'><strong>“</strong></span> 
     </span>
    </p>

    <p class='ocr_par' dir='ltr' id='par_1_5' title="bbox 569 978 2035 1315">
     <span class='ocr_line' id='line_1_5' title="bbox 569 978 2035 1107; baseline -0.001 -26"><span class='ocrx_word' id='word_1_23' title='bbox 569 978 655 1091; x_wconf 64' lang='lat' dir='ltr'><strong>,Ad</strong></span> <span class='ocrx_word' id='word_1_24' title='bbox 676 982 925 1077; x_wconf 84' lang='lat' dir='ltr'><strong>honorem</strong></span> <span class='ocrx_word' id='word_1_25' title='bbox 983 978 1138 1075; x_wconf 79' lang='lat' dir='ltr'><strong>emim</strong></span> <span class='ocrx_word' id='word_1_26' title='bbox 1156 991 1302 1075; x_wconf 85' lang='lat' dir='ltr'><strong>tauta.</strong></span> <span class='ocrx_word' id='word_1_27' title='bbox 1319 980 1675 1104; x_wconf 68' lang='lat' dir='ltr'><strong>perpetrabit:</strong></span> <span class='ocrx_word' id='word_1_28' title='bbox 1765 1035 1769 1043; x_wconf 92' lang='lat'><em>·</em></span> <span class='ocrx_word' id='word_1_29' title='bbox 1834 1067 1870 1107; x_wconf 44' lang='lat' dir='ltr'><em>s</em></span> <span class='ocrx_word' id='word_1_30' title='bbox 2030 1070 2035 1079; x_wconf 89' lang='lat'><strong>.</strong></span> 
     </span>
     <span class='ocr_line' id='line_1_6' title="bbox 574 1090 1865 1315; baseline -0.001 -120"><span class='ocrx_word' id='word_1_31' title='bbox 574 1094 730 1315; x_wconf 56' lang='lat' dir='ltr'><strong>guod</strong></span> <span class='ocrx_word' id='word_1_32' title='bbox 750 1096 854 1223; x_wconf 77' lang='lat' dir='ltr'><strong>pax&#39;</strong></span> <span class='ocrx_word' id='word_1_33' title='bbox 871 1095 1103 1203; x_wconf 84' lang='lat' dir='ltr'><strong>iubilacio</strong></span> <span class='ocrx_word' id='word_1_34' title='bbox 1126 1090 1226 1197; x_wconf 87' lang='lat' dir='ltr'><strong>deo</strong></span> <span class='ocrx_word' id='word_1_35' title='bbox 1247 1094 1357 1199; x_wconf 81' lang='lat' dir='ltr'><strong>laus</strong></span> <span class='ocrx_word' id='word_1_36' title='bbox 1375 1097 1579 1194; x_wconf 76' lang='lat' dir='ltr'><strong>sonabit.</strong></span> <span class='ocrx_word' id='word_1_37' title='bbox 1623 1152 1625 1159; x_wconf 95' lang='lat'>·</span> <span class='ocrx_word' id='word_1_38' title='bbox 1735 1158 1771 1229; x_wconf 53' lang='grc' dir='ltr'><strong>χ</strong></span> <span class='ocrx_word' id='word_1_39' title='bbox 1862 1167 1865 1176; x_wconf 89' lang='lat'><strong>.</strong></span> 
     </span>
    </p>
   </div>
   <div class='ocr_carea' id='block_1_3' title="bbox 324 1208 1947 4859">
    <p class='ocr_par' dir='ltr' id='par_1_6' title="bbox 512 1208 1898 2369">
     <span class='ocr_line' id='line_1_7' title="bbox 576 1208 1698 1431; baseline -0.002 0"><span class='ocrx_word' id='word_1_40' title='bbox 576 1208 1113 1431; x_wconf 64' lang='lat' dir='ltr'><strong>otturtrtltr</strong></span> <span class='ocrx_word' id='word_1_41' title='bbox 1124 1211 1698 1429; x_wconf 66' lang='lat' dir='ltr'><strong>ttlttlttttltn</strong></span> 
     </span>
     <span class='ocr_line' id='line_1_8' title="bbox 512 1438 1867 1579; baseline -0.001 -31"><span class='ocrx_word' id='word_1_42' title='bbox 512 1438 545 1579; x_wconf 38' lang='lat'><strong>⁶„</strong></span> <span class='ocrx_word' id='word_1_43' title='bbox 573 1452 683 1548; x_wconf 86' lang='lat' dir='ltr'><strong>Pax</strong></span> <span class='ocrx_word' id='word_1_44' title='bbox 704 1480 836 1543; x_wconf 92' lang='lat' dir='ltr'><strong>nunc</strong></span> <span class='ocrx_word' id='word_1_45' title='bbox 858 1446 1140 1547; x_wconf 82' lang='lat' dir='ltr'><strong>christicolis</strong></span> <span class='ocrx_word' id='word_1_46' title='bbox 1156 1442 1364 1547; x_wconf 76' lang='lat' dir='ltr'><strong>christus</strong></span> <span class='ocrx_word' id='word_1_47' title='bbox 1384 1449 1695 1573; x_wconf 81' lang='lat' dir='ltr'><strong>proximabit.</strong></span> <span class='ocrx_word' id='word_1_48' title='bbox 1864 1480 1867 1489; x_wconf 52' lang='lat'><em>¹</em></span> 
     </span>
     <span class='ocr_line' id='line_1_9' title="bbox 576 1562 1797 1692; baseline 0.001 -28"><span class='ocrx_word' id='word_1_49' title='bbox 576 1570 645 1665; x_wconf 88' lang='lat' dir='ltr'><strong>Et</strong></span> <span class='ocrx_word' id='word_1_50' title='bbox 665 1562 950 1689; x_wconf 85' lang='lat' dir='ltr'><strong>redemptos</strong></span> <span class='ocrx_word' id='word_1_51' title='bbox 973 1564 1206 1692; x_wconf 83' lang='lat' dir='ltr'><strong>sanguine</strong></span> <span class='ocrx_word' id='word_1_52' title='bbox 1231 1563 1352 1657; x_wconf 90' lang='lat' dir='ltr'><strong>mire</strong></span> <span class='ocrx_word' id='word_1_53' title='bbox 1376 1564 1685 1665; x_wconf 83' lang='lat' dir='ltr'><strong>collustrabit</strong></span> <span class='ocrx_word' id='word_1_54' title='bbox 1792 1582 1797 1592; x_wconf 81' lang='grc'><strong>“</strong></span> 
     </span>
     <span class='ocr_line' id='line_1_10' title="bbox 576 1680 1488 1783; baseline -0.005 -1"><span class='ocrx_word' id='word_1_55' title='bbox 576 1684 626 1782; x_wconf 89' lang='grc' dir='ltr'>Ν</span> <span class='ocrx_word' id='word_1_56' title='bbox 664 1682 793 1779; x_wconf 92' lang='lat' dir='ltr'><strong>colai</strong></span> <span class='ocrx_word' id='word_1_57' title='bbox 850 1713 997 1778; x_wconf 86' lang='lat' dir='ltr'><strong>ueros</strong></span> <span class='ocrx_word' id='word_1_58' title='bbox 1021 1708 1194 1783; x_wconf 82' lang='lat' dir='ltr'><strong>omnes</strong></span> <span class='ocrx_word' id='word_1_59' title='bbox 1217 1680 1488 1777; x_wconf 77' lang='lat' dir='ltr'><strong>coronabit</strong></span> 
     </span>
     <span class='ocr_line' id='line_1_11' title="bbox 559 1795 1898 1903; baseline 0.005 -9"><span class='ocrx_word' id='word_1_60' title='bbox 559 1858 562 1865; x_wconf 91' lang='lat'>·</span> <span class='ocrx_word' id='word_1_61' title='bbox 687 1800 791 1903; x_wconf 84' lang='lat' dir='ltr'><strong>ubr.</strong></span> <span class='ocrx_word' id='word_1_62' title='bbox 873 1800 963 1895; x_wconf 85' lang='lat' dir='ltr'><strong>alis</strong></span> <span class='ocrx_word' id='word_1_63' title='bbox 984 1796 1195 1893; x_wconf 89' lang='lat' dir='ltr'><strong>deuocio</strong></span> <span class='ocrx_word' id='word_1_64' title='bbox 1219 1810 1334 1897; x_wconf 84' lang='lat' dir='ltr'><strong>ante</strong></span> <span class='ocrx_word' id='word_1_65' title='bbox 1364 1798 1459 1895; x_wconf 91' lang='lat' dir='ltr'><strong>hec</strong></span> <span class='ocrx_word' id='word_1_66' title='bbox 1480 1830 1595 1899; x_wconf 82' lang='lat' dir='ltr'><strong>non</strong></span> <span class='ocrx_word' id='word_1_67' title='bbox 1623 1800 1691 1899; x_wconf 76' lang='lat' dir='ltr'><strong>est</strong></span> <span class='ocrx_word' id='word_1_68' title='bbox 1720 1795 1898 1901; x_wconf 77' lang='lat' dir='ltr'><strong>audita.</strong></span> 
     </span>
     <span class='ocr_line' id='line_1_12' title="bbox 695 1915 1831 2047; baseline 0.006 -34"><span class='ocrx_word' id='word_1_69' title='bbox 695 1920 857 2013; x_wconf 84' lang='lat' dir='ltr'><strong>Aures</strong></span> <span class='ocrx_word' id='word_1_70' title='bbox 883 1917 1072 2013; x_wconf 87' lang='lat' dir='ltr'><strong>cunetis</strong></span> <span class='ocrx_word' id='word_1_71' title='bbox 1093 1915 1319 2042; x_wconf 89' lang='lat' dir='ltr'><strong>pruriunt</strong></span> <span class='ocrx_word' id='word_1_72' title='bbox 1339 1921 1557 2047; x_wconf 82' lang='lat' dir='ltr'><strong>vtrgines</strong></span> <span class='ocrx_word' id='word_1_73' title='bbox 1582 1934 1831 2020; x_wconf 89' lang='lat' dir='ltr'><strong>ornantur.</strong></span> 
     </span>
     <span class='ocr_line' id='line_1_13' title="bbox 579 2030 1578 2159; baseline -0.003 -25"><span class='ocrx_word' id='word_1_74' title='bbox 579 2038 756 2135; x_wconf 84' lang='lat' dir='ltr'><strong>Annos</strong></span> <span class='ocrx_word' id='word_1_75' title='bbox 779 2032 908 2129; x_wconf 86' lang='lat' dir='ltr'><strong>infra</strong></span> <span class='ocrx_word' id='word_1_76' title='bbox 931 2030 1142 2133; x_wconf 84' lang='lat' dir='ltr'><strong>sedecim</strong></span> <span class='ocrx_word' id='word_1_77' title='bbox 1164 2032 1578 2159; x_wconf 85' lang='lat' dir='ltr'><strong>euangelizantur.</strong></span> 
     </span>
     <span class='ocr_line' id='line_1_14' title="bbox 581 2152 1698 2280; baseline 0.004 -32"><span class='ocrx_word' id='word_1_78' title='bbox 581 2154 946 2249; x_wconf 77' lang='lat' dir='ltr'><strong>concurrentes</strong></span> <span class='ocrx_word' id='word_1_79' title='bbox 970 2152 1112 2277; x_wconf 86' lang='lat' dir='ltr'><strong>pueri</strong></span> <span class='ocrx_word' id='word_1_80' title='bbox 1132 2161 1325 2245; x_wconf 86' lang='lat' dir='ltr'><strong>certant</strong></span> <span class='ocrx_word' id='word_1_81' title='bbox 1345 2164 1399 2245; x_wconf 91' lang='lat' dir='ltr'><strong>ut</strong></span> <span class='ocrx_word' id='word_1_82' title='bbox 1422 2153 1698 2280; x_wconf 89' lang='lat' dir='ltr'><strong>sequantur.</strong></span> 
     </span>
     <span class='ocr_line' id='line_1_15' title="bbox 523 2266 1614 2369; baseline 0.005 -6"><span class='ocrx_word' id='word_1_83' title='bbox 523 2358 526 2363; x_wconf 83' lang='lat'>.</span> <span class='ocrx_word' id='word_1_84' title='bbox 580 2273 649 2367; x_wconf 88' lang='lat' dir='ltr'><strong>Et</strong></span> <span class='ocrx_word' id='word_1_85' title='bbox 668 2298 861 2365; x_wconf 89' lang='lat' dir='ltr'><strong>rumare</strong></span> <span class='ocrx_word' id='word_1_86' title='bbox 885 2266 1115 2361; x_wconf 88' lang='lat' dir='ltr'><strong>uiderant</strong></span> <span class='ocrx_word' id='word_1_87' title='bbox 1137 2266 1262 2364; x_wconf 89' lang='lat' dir='ltr'><strong>casso</strong></span> <span class='ocrx_word' id='word_1_88' title='bbox 1287 2268 1614 2369; x_wconf 84' lang='lat' dir='ltr'><strong>consolantur.</strong></span> 
     </span>
    </p>

    <p class='ocr_par' dir='ltr' id='par_1_7' title="bbox 329 2380 1947 2719">
     <span class='ocr_line' id='line_1_16' title="bbox 329 2380 1947 2520; baseline 0.003 -40"><span class='ocrx_word' id='word_1_89' title='bbox 329 2446 338 2453; x_wconf 93' lang='lat'><em>-</em></span> <span class='ocrx_word' id='word_1_90' title='bbox 522 2388 808 2515; x_wconf 10' lang='lat' dir='ltr'><strong>‚UVngarus</strong></span> <span class='ocrx_word' id='word_1_91' title='bbox 833 2384 1151 2479; x_wconf 86' lang='lat' dir='ltr'><strong>theutunicus</strong></span> <span class='ocrx_word' id='word_1_92' title='bbox 1171 2380 1369 2520; x_wconf 79' lang='lat' dir='ltr'><strong>francus</strong></span> <span class='ocrx_word' id='word_1_93' title='bbox 1383 2382 1638 2483; x_wconf 89' lang='lat' dir='ltr'><strong>sociantur.</strong></span> <span class='ocrx_word' id='word_1_94' title='bbox 1944 2496 1947 2503; x_wconf 15' lang='lat'><strong><em>¹</em></strong></span> 
     </span>
     <span class='ocr_line' id='line_1_17' title="bbox 583 2498 1854 2601; baseline 0.002 -1"><span class='ocrx_word' id='word_1_95' title='bbox 583 2504 801 2600; x_wconf 75' lang='lat' dir='ltr'><strong>boemus</strong></span> <span class='ocrx_word' id='word_1_96' title='bbox 820 2498 1329 2598; x_wconf 48' lang='lat' dir='ltr'><strong>lombardicus‘brrtto</strong></span> <span class='ocrx_word' id='word_1_97' title='bbox 1367 2532 1428 2597; x_wconf 90' lang='lat' dir='ltr'><strong>ue</strong></span> <span class='ocrx_word' id='word_1_98' title='bbox 1453 2521 1706 2601; x_wconf 87' lang='lat' dir='ltr'><strong>conantur.</strong></span> <span class='ocrx_word' id='word_1_99' title='bbox 1789 2588 1793 2599; x_wconf 93' lang='lat'><strong>.</strong></span> <span class='ocrx_word' id='word_1_100' title='bbox 1853 2595 1854 2601; x_wconf 14' lang='grc' dir='ltr'>ι</span> 
     </span>
     <span class='ocr_line' id='line_1_18' title="bbox 584 2532 1626 2719; baseline 0.003 -3"><span class='ocrx_word' id='word_1_101' title='bbox 584 2618 818 2717; x_wconf 82' lang='lat' dir='ltr'><strong>Flandria</strong></span> <span class='ocrx_word' id='word_1_102' title='bbox 838 2616 1068 2719; x_wconf 81' lang='lat' dir='ltr'><strong>vestsalia</strong></span> <span class='ocrx_word' id='word_1_103' title='bbox 1085 2615 1305 2713; x_wconf 57' lang='lat' dir='ltr'><strong>‘ourinch</strong></span> <span class='ocrx_word' id='word_1_104' title='bbox 1325 2532 1626 2719; x_wconf 63' lang='lat' dir='ltr'><strong>llede&#39;rantur.</strong></span> 
     </span>
    </p>

    <p class='ocr_par' dir='ltr' id='par_1_8' title="bbox 583 2734 1764 3097">
     <span class='ocr_line' id='line_1_19' title="bbox 586 2734 1732 2945; baseline 0.002 -112"><span class='ocrx_word' id='word_1_105' title='bbox 586 2737 722 2833; x_wconf 85' lang='lat' dir='ltr'><strong>Friso</strong></span> <span class='ocrx_word' id='word_1_106' title='bbox 747 2766 858 2831; x_wconf 90' lang='lat' dir='ltr'><strong>cum</strong></span> <span class='ocrx_word' id='word_1_107' title='bbox 878 2734 930 2831; x_wconf 90' lang='lat' dir='ltr'>N</span> <span class='ocrx_word' id='word_1_108' title='bbox 931 2736 1147 2945; x_wconf 57' lang='lat' dir='ltr'><strong>orwalgia</strong></span> <span class='ocrx_word' id='word_1_109' title='bbox 1169 2739 1334 2830; x_wconf 89' lang='lat' dir='ltr'><strong>cuncti</strong></span> <span class='ocrx_word' id='word_1_110' title='bbox 1356 2739 1732 2866; x_wconf 87' lang='lat' dir='ltr'><strong>conglobantur.</strong></span> 
     </span>
     <span class='ocr_line' id='line_1_20' title="bbox 585 2854 1626 2990; baseline 0.005 -42"><span class='ocrx_word' id='word_1_111' title='bbox 585 2854 751 2949; x_wconf 89' lang='lat' dir='ltr'><strong>Prurit</strong></span> <span class='ocrx_word' id='word_1_112' title='bbox 770 2883 861 2979; x_wconf 88' lang='lat' dir='ltr'><strong>pes</strong></span> <span class='ocrx_word' id='word_1_113' title='bbox 888 2866 940 2946; x_wconf 91' lang='lat' dir='ltr'><strong>et</strong></span> <span class='ocrx_word' id='word_1_114' title='bbox 962 2882 1059 2948; x_wconf 91' lang='lat' dir='ltr'><strong>ocu</strong></span> <span class='ocrx_word' id='word_1_115' title='bbox 1080 2882 1136 2945; x_wconf 89' lang='lat' dir='ltr'><strong>us</strong></span> <span class='ocrx_word' id='word_1_116' title='bbox 1158 2881 1343 2990; x_wconf 88' lang='lat' dir='ltr'><strong>pueros</strong></span> <span class='ocrx_word' id='word_1_117' title='bbox 1365 2870 1626 2953; x_wconf 88' lang='lat' dir='ltr'><strong>uenantur.</strong></span> 
     </span>
     <span class='ocr_line' id='line_1_21' title="bbox 583 2965 1764 3097; baseline 0.003 -32"><span class='ocrx_word' id='word_1_118' title='bbox 583 2969 667 3087; x_wconf 56' lang='lat' dir='ltr'><strong>‚nli</strong></span> <span class='ocrx_word' id='word_1_119' title='bbox 692 2966 755 3067; x_wconf 87' lang='lat' dir='ltr'><strong>de&#39;</strong></span> <span class='ocrx_word' id='word_1_120' title='bbox 780 2965 1039 3095; x_wconf 82' lang='lat' dir='ltr'><strong>pranduso</strong></span> <span class='ocrx_word' id='word_1_121' title='bbox 1061 2970 1276 3097; x_wconf 85' lang='lat' dir='ltr'><strong>virgrnes</strong></span> <span class='ocrx_word' id='word_1_122' title='bbox 1301 2967 1590 3097; x_wconf 75' lang='lat' dir='ltr'><strong>stuprantur.</strong></span> <span class='ocrx_word' id='word_1_123' title='bbox 1761 3078 1764 3084; x_wconf 10' lang='grc' dir='ltr'><strong>Α</strong></span> 
     </span>
    </p>

    <p class='ocr_par' dir='ltr' id='par_1_9' title="bbox 514 3084 1942 3429">
     <span class='ocr_line' id='line_1_22' title="bbox 514 3084 1791 3211; baseline -0.001 -23"><span class='ocrx_word' id='word_1_124' title='bbox 514 3174 528 3187; x_wconf 87' lang='grc'><strong>.</strong></span> <span class='ocrx_word' id='word_1_125' title='bbox 586 3088 654 3187; x_wconf 88' lang='lat' dir='ltr'><strong>Et</strong></span> <span class='ocrx_word' id='word_1_126' title='bbox 671 3088 724 3182; x_wconf 88' lang='lat' dir='ltr'><strong>in</strong></span> <span class='ocrx_word' id='word_1_127' title='bbox 752 3116 918 3182; x_wconf 88' lang='lat' dir='ltr'><strong>arcum</strong></span> <span class='ocrx_word' id='word_1_128' title='bbox 941 3084 1192 3211; x_wconf 83' lang='lat' dir='ltr'><strong>pessimum</strong></span> <span class='ocrx_word' id='word_1_129' title='bbox 1253 3086 1382 3182; x_wconf 85' lang='lat' dir='ltr'><strong>assrm</strong></span> <span class='ocrx_word' id='word_1_130' title='bbox 1413 3088 1791 3189; x_wconf 81' lang='lat' dir='ltr'><strong>uenumdantur.</strong></span> 
     </span>
     <span class='ocr_line' id='line_1_23' title="bbox 588 3202 1709 3330; baseline 0.005 -31"><span class='ocrx_word' id='word_1_131' title='bbox 588 3202 755 3299; x_wconf 86' lang='lat' dir='ltr'><strong>Risum</strong></span> <span class='ocrx_word' id='word_1_132' title='bbox 775 3205 937 3299; x_wconf 90' lang='lat' dir='ltr'><strong>luctus</strong></span> <span class='ocrx_word' id='word_1_133' title='bbox 964 3218 1175 3330; x_wconf 89' lang='lat' dir='ltr'><strong>occopat</strong></span> <span class='ocrx_word' id='word_1_134' title='bbox 1219 3248 1223 3255; x_wconf 93' lang='lat'>·</span> <span class='ocrx_word' id='word_1_135' title='bbox 1273 3235 1337 3298; x_wconf 90' lang='lat' dir='ltr'><strong>ne</strong></span> <span class='ocrx_word' id='word_1_136' title='bbox 1363 3205 1709 3306; x_wconf 86' lang='lat' dir='ltr'><strong>lamentantur.</strong></span> 
     </span>
     <span class='ocr_line' id='line_1_24' title="bbox 590 3232 1942 3429; baseline 0.007 -14"><span class='ocrx_word' id='word_1_137' title='bbox 590 3320 799 3429; x_wconf 76' lang='lat' dir='ltr'><strong>proram</strong></span> <span class='ocrx_word' id='word_1_138' title='bbox 819 3334 1001 3415; x_wconf 86' lang='lat' dir='ltr'><strong>matres</strong></span> <span class='ocrx_word' id='word_1_139' title='bbox 1025 3334 1080 3414; x_wconf 91' lang='lat' dir='ltr'><strong>ut</strong></span> <span class='ocrx_word' id='word_1_140' title='bbox 1103 3232 1272 3417; x_wconf 74' lang='lat' dir='ltr'><strong>rachel</strong></span> <span class='ocrx_word' id='word_1_141' title='bbox 1294 3323 1400 3415; x_wconf 88' lang='lat' dir='ltr'><strong>nati</strong></span> <span class='ocrx_word' id='word_1_142' title='bbox 1424 3326 1572 3419; x_wconf 86' lang='lat' dir='ltr'><strong>morti</strong></span> <span class='ocrx_word' id='word_1_143' title='bbox 1593 3321 1785 3423; x_wconf 89' lang='lat' dir='ltr'><strong>dantur.</strong></span> <span class='ocrx_word' id='word_1_144' title='bbox 1939 3332 1942 3341; x_wconf 79' lang='lat'>&#39;</span> 
     </span>
    </p>

    <p class='ocr_par' dir='ltr' id='par_1_10' title="bbox 324 3436 1609 3563">
     <span class='ocr_line' id='line_1_25' title="bbox 324 3436 1609 3563; baseline 0.005 -34"><span class='ocrx_word' id='word_1_145' title='bbox 324 3448 328 3453; x_wconf 86' lang='grc'><strong>’</strong></span> <span class='ocrx_word' id='word_1_146' title='bbox 438 3552 441 3555; x_wconf 18' lang='grc'>,</span> <span class='ocrx_word' id='word_1_147' title='bbox 595 3438 853 3535; x_wconf 87' lang='lat' dir='ltr'><strong>Vanitates</strong></span> <span class='ocrx_word' id='word_1_148' title='bbox 878 3437 1111 3538; x_wconf 89' lang='lat' dir='ltr'><strong>hauriunt</strong></span> <span class='ocrx_word' id='word_1_149' title='bbox 1130 3441 1273 3563; x_wconf 88' lang='lat' dir='ltr'><strong>pueri</strong></span> <span class='ocrx_word' id='word_1_150' title='bbox 1305 3436 1609 3537; x_wconf 87' lang='lat' dir='ltr'><strong>sraudantur.</strong></span> 
     </span>
    </p>

    <p class='ocr_par' dir='ltr' id='par_1_11' title="bbox 429 3553 1826 4859">
     <span class='ocr_line' id='line_1_26' title="bbox 1015 3553 1826 3655; baseline 0.009 -7"><span class='ocrx_word' id='word_1_151' title='bbox 1015 3553 1501 3651; x_wconf 71' lang='lat' dir='ltr'><strong>Rubr.Conclus10.&#39;</strong></span> <span class='ocrx_word' id='word_1_152' title='bbox 1672 3568 1677 3575; x_wconf 82' lang='lat'>&#39;</span> <span class='ocrx_word' id='word_1_153' title='bbox 1822 3647 1826 3655; x_wconf 85' lang='grc'><em>,</em></span> 
     </span>
     <span class='ocr_line' id='line_1_27' title="bbox 709 3667 1771 3803; baseline 0.005 -38"><span class='ocrx_word' id='word_1_154' title='bbox 709 3667 930 3766; x_wconf 84' lang='lat' dir='ltr'><strong>Mundus</strong></span> <span class='ocrx_word' id='word_1_155' title='bbox 954 3671 1255 3767; x_wconf 82' lang='lat' dir='ltr'><strong>uanitatibus</strong></span> <span class='ocrx_word' id='word_1_156' title='bbox 1278 3668 1445 3791; x_wconf 88' lang='lat' dir='ltr'><strong>sordet</strong></span> <span class='ocrx_word' id='word_1_157' title='bbox 1466 3687 1518 3769; x_wconf 88' lang='lat' dir='ltr'><strong>et</strong></span> <span class='ocrx_word' id='word_1_158' title='bbox 1539 3672 1771 3803; x_wconf 86' lang='lat' dir='ltr'><strong>stupescit</strong></span> 
     </span>
     <span class='ocr_line' id='line_1_28' title="bbox 549 3786 1741 3927; baseline 0.004 -43"><span class='ocrx_word' id='word_1_159' title='bbox 549 3897 553 3906; x_wconf 91' lang='lat'><strong>.</strong></span> <span class='ocrx_word' id='word_1_160' title='bbox 590 3786 784 3884; x_wconf 90' lang='lat' dir='ltr'><strong>Verum</strong></span> <span class='ocrx_word' id='word_1_161' title='bbox 806 3789 987 3913; x_wconf 81' lang='lat' dir='ltr'><strong>spernit</strong></span> <span class='ocrx_word' id='word_1_162' title='bbox 1009 3786 1224 3927; x_wconf 83' lang='lat' dir='ltr'><strong>populus</strong></span> <span class='ocrx_word' id='word_1_163' title='bbox 1248 3787 1502 3915; x_wconf 88' lang='lat' dir='ltr'><strong>clerusque</strong></span> <span class='ocrx_word' id='word_1_164' title='bbox 1525 3790 1741 3889; x_wconf 85' lang='lat' dir='ltr'><strong>tabescit.</strong></span> 
     </span>
     <span class='ocr_line' id='line_1_29' title="bbox 592 3902 1682 4032; baseline 0.004 -31"><span class='ocrx_word' id='word_1_165' title='bbox 592 3902 989 4001; x_wconf 87' lang='lat' dir='ltr'><strong>Adulaeionibus</strong></span> <span class='ocrx_word' id='word_1_166' title='bbox 1019 3904 1220 4032; x_wconf 73' lang='lat' dir='ltr'><strong>quilque</strong></span> <span class='ocrx_word' id='word_1_167' title='bbox 1246 3904 1363 4021; x_wconf 87' lang='lat' dir='ltr'><strong>dum</strong></span> <span class='ocrx_word' id='word_1_168' title='bbox 1386 3907 1682 4006; x_wconf 77' lang='lat' dir='ltr'><strong>conswefcit.</strong></span> 
     </span>
     <span class='ocr_line' id='line_1_30' title="bbox 594 4018 1547 4129; baseline 0.003 -12"><span class='ocrx_word' id='word_1_169' title='bbox 594 4023 702 4117; x_wconf 86' lang='lat' dir='ltr'><strong>Pax</strong></span> <span class='ocrx_word' id='word_1_170' title='bbox 723 4019 844 4115; x_wconf 85' lang='lat' dir='ltr'><strong>fides</strong></span> <span class='ocrx_word' id='word_1_171' title='bbox 865 4020 1135 4118; x_wconf 90' lang='lat' dir='ltr'><strong>concordia</strong></span> <span class='ocrx_word' id='word_1_172' title='bbox 1154 4018 1354 4118; x_wconf 83' lang='lat' dir='ltr'><strong>stabiliri</strong></span> <span class='ocrx_word' id='word_1_173' title='bbox 1382 4026 1547 4129; x_wconf 84' lang='lat' dir='ltr'><strong>nescit.</strong></span> 
     </span>
     <span class='ocr_line' id='line_1_31' title="bbox 597 4136 1757 4277; baseline 0.008 -45"><span class='ocrx_word' id='word_1_174' title='bbox 597 4137 775 4232; x_wconf 88' lang='lat' dir='ltr'><strong>Omnis</strong></span> <span class='ocrx_word' id='word_1_175' title='bbox 796 4137 948 4233; x_wconf 89' lang='lat' dir='ltr'><strong>homo</strong></span> <span class='ocrx_word' id='word_1_176' title='bbox 971 4136 1200 4261; x_wconf 80' lang='lat' dir='ltr'><strong>laudibus</strong></span> <span class='ocrx_word' id='word_1_177' title='bbox 1231 4138 1370 4235; x_wconf 86' lang='lat' dir='ltr'><strong>essert</strong></span> <span class='ocrx_word' id='word_1_178' title='bbox 1399 4140 1497 4236; x_wconf 89' lang='lat' dir='ltr'><strong>hoc</strong></span> <span class='ocrx_word' id='word_1_179' title='bbox 1521 4142 1757 4277; x_wconf 87' lang='lat' dir='ltr'><strong>preclare.</strong></span> 
     </span>
     <span class='ocr_line' id='line_1_32' title="bbox 595 4252 1654 4387; baseline 0.007 -38"><span class='ocrx_word' id='word_1_180' title='bbox 595 4255 801 4377; x_wconf 77' lang='lat' dir='ltr'><strong>Augens</strong></span> <span class='ocrx_word' id='word_1_181' title='bbox 832 4252 967 4379; x_wconf 93' lang='lat' dir='ltr'><strong>quod</strong></span> <span class='ocrx_word' id='word_1_182' title='bbox 987 4252 1229 4352; x_wconf 75' lang='lat' dir='ltr'><strong>debuerat</strong></span> <span class='ocrx_word' id='word_1_183' title='bbox 1257 4254 1362 4384; x_wconf 86' lang='lat' dir='ltr'><strong>post</strong></span> <span class='ocrx_word' id='word_1_184' title='bbox 1382 4258 1654 4387; x_wconf 88' lang='lat' dir='ltr'><strong>increpare.</strong></span> 
     </span>
     <span class='ocr_line' id='line_1_33' title="bbox 596 4368 1752 4511; baseline 0.008 -46"><span class='ocrx_word' id='word_1_185' title='bbox 596 4368 851 4499; x_wconf 74' lang='lat' dir='ltr'><strong>Propheta</strong></span> <span class='ocrx_word' id='word_1_186' title='bbox 870 4369 1241 4511; x_wconf 78' lang='lat' dir='ltr'><strong>nosredarguit</strong></span> <span class='ocrx_word' id='word_1_187' title='bbox 1271 4374 1356 4499; x_wconf 92' lang='lat' dir='ltr'><strong>qui</strong></span> <span class='ocrx_word' id='word_1_188' title='bbox 1374 4373 1599 4473; x_wconf 88' lang='lat' dir='ltr'><strong>uidemur</strong></span> <span class='ocrx_word' id='word_1_189' title='bbox 1621 4377 1752 4477; x_wconf 87' lang='lat' dir='ltr'><strong>stare.</strong></span> 
     </span>
     <span class='ocr_line' id='line_1_34' title="bbox 599 4484 1533 4615; baseline 0.011 -38"><span class='ocrx_word' id='word_1_190' title='bbox 599 4484 846 4582; x_wconf 79' lang='lat' dir='ltr'><strong>Nutantes</strong></span> <span class='ocrx_word' id='word_1_191' title='bbox 864 4489 1076 4615; x_wconf 87' lang='lat' dir='ltr'><strong>ypocrisi</strong></span> <span class='ocrx_word' id='word_1_192' title='bbox 1099 4490 1272 4585; x_wconf 81' lang='lat' dir='ltr'><strong>snmus</strong></span> <span class='ocrx_word' id='word_1_193' title='bbox 1295 4489 1533 4589; x_wconf 87' lang='lat' dir='ltr'><strong>colorare.</strong></span> 
     </span>
     <span class='ocr_line' id='line_1_35' title="bbox 599 4600 1575 4715; baseline 0.014 -19"><span class='ocrx_word' id='word_1_194' title='bbox 599 4600 845 4699; x_wconf 83' lang='lat' dir='ltr'><strong>Puluillus</strong></span> <span class='ocrx_word' id='word_1_195' title='bbox 867 4605 1115 4711; x_wconf 73' lang='lat' dir='ltr'><strong>consuzere</strong></span> <span class='ocrx_word' id='word_1_196' title='bbox 1135 4621 1189 4702; x_wconf 88' lang='lat' dir='ltr'><strong>et</strong></span> <span class='ocrx_word' id='word_1_197' title='bbox 1210 4608 1428 4715; x_wconf 67' lang='lat' dir='ltr'><strong>ceruical¹</strong></span> <span class='ocrx_word' id='word_1_198' title='bbox 1443 4608 1575 4711; x_wconf 87' lang='lat' dir='ltr'><strong>dare.</strong></span> 
     </span>
     <span class='ocr_line' id='line_1_36' title="bbox 429 4716 1658 4859; baseline 0.011 -43"><span class='ocrx_word' id='word_1_199' title='bbox 429 4825 433 4832; x_wconf 59' lang='grc'><em>,</em></span> <span class='ocrx_word' id='word_1_200' title='bbox 603 4716 764 4848; x_wconf 85' lang='lat' dir='ltr'><strong>Large</strong></span> <span class='ocrx_word' id='word_1_201' title='bbox 789 4718 1117 4827; x_wconf 78' lang='lat' dir='ltr'><strong>consuescere</strong></span> <span class='ocrx_word' id='word_1_202' title='bbox 1140 4721 1301 4820; x_wconf 89' lang='lat' dir='ltr'><strong>uoluit</strong></span> <span class='ocrx_word' id='word_1_203' title='bbox 1324 4740 1376 4822; x_wconf 88' lang='lat' dir='ltr'><strong>et</strong></span> <span class='ocrx_word' id='word_1_204' title='bbox 1396 4754 1573 4835; x_wconf 80' lang='lat' dir='ltr'><strong>arnare.</strong></span> <span class='ocrx_word' id='word_1_205' title='bbox 1650 4846 1658 4859; x_wconf 23' lang='lat'>⁸</span> 
     </span>
    </p>
   </div>
   <div class='ocr_carea' id='block_1_4' title="bbox 1655 4812 2058 4956">
    <p class='ocr_par' dir='ltr' id='par_1_12' title="bbox 1655 4812 2058 4956">
     <span class='ocr_line' id='line_1_37' title="bbox 1655 4812 2058 4956; baseline -0.005 -1"><span class='ocrx_word' id='word_1_206' title='bbox 1655 4885 1658 4903; x_wconf 90' lang='lat'><em>·</em></span> <span class='ocrx_word' id='word_1_207' title='bbox 1840 4948 1846 4955; x_wconf 87' lang='lat'><strong>.</strong></span> <span class='ocrx_word' id='word_1_208' title='bbox 1901 4812 2058 4956; x_wconf 77' lang='lat' dir='ltr'><strong>Rubr.</strong></span> 
     </span>
    </p>
   </div>
   <div class='ocr_carea' id='block_1_5' title="bbox 0 0 2415 6067">
    <p class='ocr_par' dir='ltr' id='par_1_13' title="bbox 0 0 2415 6067">
     <span class='ocr_line' id='line_1_38' title="bbox 0 0 2415 6067; baseline 0 0"><span class='ocrx_word' id='word_1_209' title='bbox 0 0 2415 6067; x_wconf 95' lang='lat' dir='ltr'><strong> </strong></span> 
     </span>
    </p>
   </div>
  </div>
 </body>
</html>
