4742 6067
667 413 1071 541 curonrcon
1119 452 1371 539 aaran.

273 668 486 768 Sweuia.
506 657 755 807 duringia.
785 664 968 761 sibene
994 676 1240 787 queratur.
1297 694 1300 708 ·

276 786 433 883 Fidus
462 800 514 879 et
532 782 817 918 magmlicus
848 779 986 907 quod
1007 781 1296 909 reperiatur.

280 905 403 1000 Non
424 900 648 999 tardatur
669 900 885 995 similiter
915 928 1034 1042 ergo
1060 896 1405 995 conscribatur.

276 1023 553 1117 Decretum
574 1019 673 1113 hoc
697 1017 884 1113 iuribus
912 1047 1074 1143 pnmo
1098 1015 1376 1115 stciuratur.

277 1138 513 1234 Scribunt
532 1133 737 1230 tandem
755 1130 922 1229 lucide
953 1134 1283 1260 scriptumque
1305 1132 1528 1260 signatur.

278 1255 363 1351 Ob
388 1254 486 1348 hoc
512 1251 614 1348 dux
637 1251 701 1347 de
725 1252 1050 1347 Brounlwich
1080 1266 1203 1345 uoto
1226 1252 1274 1345 le
1296 1252 1514 1346 retraxit.

273 1371 418 1468 Idem
451 1370 554 1467 dux
586 1369 804 1467 bawarie
836 1368 963 1463 dixit
991 1400 1193 1495 quoque
1223 1400 1322 1495 pax
1352 1368 1417 1462 fit.

271 1488 457 1588 Donec
488 1488 572 1583 fim
603 1488 656 1583 in
685 1486 999 1582 brounswiclr
1029 1502 1262 1614 grauatus
1293 1485 1461 1613 apello

272 1603 357 1703 Ad
386 1635 646 1700 romanum
678 1602 918 1731 presidem
947 1634 1147 1731 nequeo
1180 1602 1366 1700 duello.

272 1724 388 1821 Iura
417 1753 550 1816 nunc
582 1724 778 1849 imperii
807 1752 899 1861 per
928 1753 1008 1815 me
1042 1720 1313 1816 defensare.

267 1838 420 1935 Tunc
452 1839 647 1934 electus
680 1853 880 1934 concrto
910 1838 1043 1934 latus
1072 1839 1299 1934 militare.

1567 546 1572 561 ,
1662 482 1745 559 15¹·

164 2014 175 2027 ·
274 1957 383 2052 Sibi
413 1955 500 2051 dat
531 1988 643 2051 cum
674 1956 944 2084 sumptibus
978 1970 1030 2050 et
1059 1955 1293 2051 ducatum
1324 1954 1456 2053 dare.
1515 1986 1517 1995 ·

272 2074 424 2169 Parat
457 2105 514 2168 ac
546 2075 812 2186 uirtutibus
844 2074 892 2169 se
927 2075 1214 2172 exercitare.

272 2191 373 2311 Alij
408 2188 728 2287 concorditer
759 2190 851 2285 sibit
873 2189 1177 2287 federantur.

273 2308 536 2449 Principes
561 2322 613 2401 et
672 2303 867 2403 rotinus
897 2306 1245 2402 Nuremberch
1268 2324 1526 2403 uocantur.
1689 2296 1694 2304 ’

272 2428 350 2521 Ex
381 2424 551 2521 edicto
584 2456 653 2551 pu
689 2424 789 2518 lico
823 2425 1031 2519 saxones
1064 2423 1291 2519 citantur.

272 2544 382 2755 gui
408 2572 503 2669 pro
537 2540 845 2638 contumelia
874 2540 1092 2637 bawaria
1122 2539 1429 2636 fraudantur.

326 2662 408 2754 inc
443 2657 505 2753 de
539 2658 753 2753 schirow
781 2656 981 2752 nobiles
1012 2660 1106 2753 rite
1139 2655 1424 2755 feodantur.

212 2775 216 2782 ’
273 2778 481 2875 Ducatu
509 2774 732 2874 bawarie
765 2790 818 2871 et
845 2774 1197 2902 palatinantur.

371 2951 626 3107 ROmani
651 3006 788 3137 quod
807 3004 1014 3105 faueant
1037 3008 1202 3105 electo
1226 3023 1481 3137 rogantur.

274 3128 329 3224 Si
356 3156 458 3253 quo
482 3130 637 3257 magis
662 3126 895 3256 precibus
926 3128 980 3220 hi
1003 3127 1402 3254 interpellantur.

276 3244 449 3340 Tanto
481 3246 791 3371 peruicacius
824 3243 1057 3340 cordibus
1089 3241 1373 3341 durantur..

277 3361 417 3487 Papa
447 3361 587 3456 bulla
617 3360 849 3459 fulminat
878 3362 997 3456 tusci
1029 3363 1356 3459 concitantur.
1401 3384 1403 3389 ’

278 3478 495 3690 {yculus
518 3493 569 3573 et
591 3479 768 3605 apulus
797 3508 1032 3576 romanus
1062 3480 1306 3606 iugantur.

224 3706 230 3717 ¹
320 3609 468 3691 ontra
491 3594 839 3695 Thevtunicos
867 3598 1064 3692 romani
1095 3608 1355 3693 conantur.

280 3712 381 3809 Nili
414 3711 536 3809 dent
565 3715 830 3839 pecuniam
859 3728 1076 3808 mactare
1106 3716 1372 3813 minantur.

280 3829 461 3925 Electo
494 3833 736 3927 tevtunici
765 3830 923 3924 folum
952 3830 1212 3924 sociantur.

278 3947 384 4041 Itur
414 3976 507 4087 per
533 3948 746 4076 ytaliam
773 3948 1059 4042 tuschorum
1088 3962 1346 4044 necantur.

283 4062 483 4159 Infinita
512 4064 650 4159 milia
678 4062 930 4160 lombardi
957 4063 1218 4159 tristantur.

281 4177 468 4275 Parant
495 4180 816 4277 relillenciam
844 4178 930 4276 fed
959 4180 1044 4276 sub
1075 4180 1378 4309 peditantur.

234 4374 241 4383 .
282 4300 496 4393 Atroces
526 4298 807 4393 theutunici
835 4301 958 4393 mire
990 4296 1346 4396 debachantur.

128 4436 136 4443 ’
286 4412 520 4541 Pugnant
551 4431 602 4510 et
628 4417 804 4540 ytalici
837 4416 1020 4521 cultris,
1037 4416 1334 4543 iugulantur.
1375 4470 1378 4477 ·
1557 4456 1564 4475 ‘

285 4527 456 4625 Primo
486 4545 604 4626 tunc
637 4532 916 4627 theutonici
945 4530 1111 4637 furere
1141 4534 1433 4660 probantur.

285 4646 368 4742 De
402 4678 709 4775 quorumque
741 4648 869 4744 furia
900 4665 1072 4744 cantus
1104 4649 1392 4754 deriuantut

284 4762 414 4876 Hinc
444 4764 565 4865 forti
595 4766 776 4863 milicia
803 4767 1303 4984 romaRcogruellatur.
1334 4776 1338 4787 '

1575 4890 1742 4993 Omne
