4742 6067
619 472 648 538 4
945 428 1701 516 onsnuvnrrouusnnnvra.

480 720 489 751 χ
573 650 698 732 bendi
724 640 960 723 methodum
986 640 1059 719 fibi
1081 633 1322 717 imitandam
1349 616 1569 718 lumlerinle
1598 643 1648 719 de
1677 666 1759 743 quo
1783 641 1826 719 in
1851 642 2099 748 praefatione·

575 756 736 831 uberius
766 747 935 825 dillerui.
1012 744 1071 821 At
1097 768 1196 821 vero
1225 744 1440 846 pollerior,
1467 748 1535 845 qui
1553 745 1613 823 ab·
1631 746 1755 823 Anno
1778 770 1888 846 1230.
1916 750 2088 842 orditur,

573 851 854 933 Antecellores
883 849 971 925 suos
997 871 1132 923 rerum
1158 861 1342 923 actarum
1369 850 1622 951 cognitione,
1650 848 1859 953 diligentia
1878 847 1917 925 ἃ
1936 848 2102 927 acribia⁴

573 962 697 1060 longe
741 954 972 1055 superavit,
1009 947 1048 1024 oz
1073 952 1115 1024 in
1140 948 1257 1053 gestis
1283 949 1519 1052 Principum
1553 952 1808 1053 exponendis
1842 955 1964 1054 praeci
1998 978 2090 1030 uam

576 1082 719 1137 curam
741 1052 881 1159 posuit.
933 1052 981 1128 Id
999 1054 1048 1127 in·
1065 1051 1293 1127 mcenfione
1318 1051 1518 1129 tactorum
1537 1051 1578 1131 ἃ
1595 1051 1821 1148 turbarum,
1847 1078 1935 1155 quae
1987 1055 2090 1130 ride·

576 1165 663 1239 rico
681 1158 754 1251 Π.,
780 1154 979 1233 Bellicoso
997 1157 1182 1247 nomine,
1208 1153 1376 1231 Austriae
1400 1154 1518 1231 Duce
1545 1171 1786 1248 evenerunt,
1813 1160 1878 1232 oui
1904 1158 2101 1233 eumdenr

579 1286 765 1341 coaevum
789 1258 900 1335 fuill'e
928 1258 1123 1349 coniicio,
1159 1255 1321 1332 abunde
1347 1257 1506 1334 elucet:
1549 1284 1598 1334 ae
1624 1258 1776 1352 fateor,
1810 1252 1900 1351 ine,
1933 1257 2097 1334 lihunc·

580 1366 774 1442 codicem
796 1360 835 1437 δι
862 1362 995 1451 alios,
1040 1361 1108 1460 qui
1134 1356 1212 1434 hac
1251 1360 1490 1435 collectione
1529 1364 1810 1453 continentur,
1853 1374 1966 1453 tum,
2002 1383 2100 1434 cum*

582 1468 635 1544 de
661 1468 736 1541 illa·
762 1478 879 1541 aetate
906 1461 1154 1566 scriberem-,2
1170 1462 1383 1536 admanus
1401 1460 1641 1555 habuillem,
1667 1464 1794 1537 multa
1811 1459 2092 1537 accuratius&

586 1568 852 1646 confidentius
880 1564 1124 1642 adsertorum
1150 1563 1274 1639 faille.
1339 1562 1483 1663 Quod,
1512 1588 1603 1639 curn
1630 1566 1692 1639 ad
1709 1565 1816 1640 illius
1843 1564 2007 1639 laudem
2030 1587 2101 1639 re·

583 1672 695 1763 lero,
720 1694 802 1747 non
820 1670 878 1743 ita
895 1658 1268 1769 accipiendum-est,
1296 1666 1400 1766 quali
1420 1691 1490 1756 ea,
1518 1682 1606 1766 quae
1623 1680 1779 1759 narrat,
1807 1668 1965 1758 omnia,
1991 1680 2100 1741 tam·-

587 1798 709 1879 quam
735 1774 899 1849 omuino
920 1768 1129 1845 cerdilima
1156 1766 1197 1844 &
1222 1764 1447 1846 indubitata
1471 1768 1649 1844 tenenda¹
1664 1768 1754 1862 lint,
1781 1766 1821 1845 ἃ
1840 1770 1978 1843 critico
1996 1791 2103 1843 cuae

663 1877 772 1953 mine
799 1898 881 1953 non
906 1873 1133 1979 indigeant:
1161 1894 1285 1971 aqua
1303 1870 1500 1969 cynosura
1524 1870 1773 1950 historiarum
1799 1869 2018 1950 cultoribus

1065 1976 1265 2065 tenedon,
1275 1997 1494 2078 numquam
1509 1972 1627 2057 licet.
