4742 6067
723 427 1331 573 'osrunu'ovmusu
1469 592 1472 601 ,
1655 524 1743 600 537

221 695 471 824 'utraque
524 708 667 823 parte
717 691 867 790 liberi
919 678 1307 794 dimittebantur.
1361 706 1413 791 et
1443 692 1452 709 '‘
1467 694 1667 796 nobiles
1711 732 1830 810 ex,

259 830 375 913 utra
410 845 475 912 ue
503 828 646 941 parte
674 812 786 907 lunt
812 813 1133 909 reconciliati
1571 819 1580 830 ’
1791 824 1795 831 ’

427 930 576 1029 odem
607 960 740 1026 anno
772 927 1004 1055 dominus
1025 931 1153 1028 Otto
1171 959 1263 1045 rex
1287 932 1677 1058 ex'pe‘rmillione
1704 969 1786 1032 co·

263 1051 437 1147 mitum
478 1063 532 1145 et
560 1049 771 1145 aliorum
806 1048 1049 1144 nobilium
1078 1063 1218 1144 terre-
1251 1078 1343 1175 pro
1376 1050 1659 1147 releuandis
1690 1054 1785 1148 luis

262 1166 445 1263 debitis
473 1168 666 1293 recepit
687 1178 963 1294 prouentus
987 1166 1209 1261 omnium
1230 1165 1567 1306 religiosorum
1600 1171 1785 1296 episco-

261 1317 370 1381 rum
414 1300 466 1381 et
496 1284 714 1381 virorum
745 1281 1182 1379 ecclesiasticorum.
1216 1298 1449 1379 comitum
1485 1299 1536 1379 et
1566 1290 1787 1383 omnium
1875 1298 1880 1305 ’

262 1403 473 1498 aliorum
502 1400 746 1499 nobilium
780 1402 1002 1528 exceptis
1033 1401 1129 1496 hiis
1160 1402 1246 1529 qui
1316 1404 1493 1529 ropriis
1516 1402 1784 1543 sumptibus

263 1520 575 1616 excolebant
616 1518 679 1615 ab
719 1519 830 1616 aliis
870 1549 993 1615 uero
1033 1430 1367 1614 mediocridus
1412 1534 1463 1613 et
1504 1519 1786 1617 hum1libus.

259 1638 508 1851 utriuigue
538 1637 679 1737 iexus
707 1651 902 1765 partem
931 1649 1173 1733 octauam
1213 1634 1330 1731 licut
1369 1650 1422 1732 et
1451 1653 1565 1734 ante
1597 1636 1785 1736 fecerat

263 1784 373 1851 vice
440 1786 536 1851 rna.
769 1806 773 1810 ·

242 1952 249 1959 .
377 1870 573 1969 Eodem
615 1900 750 1967 auno
793 1868 931 1967 obiit
973 1868 1205 1966 dominus
1244 1870 1459 1967 Emicho
1499 1866 1785 1999 frilingenlis

108 2016 112 2022 ·
260 1991 424 2203 efifico
462 2021 533 2085 us.
565 1990 645 2084 cui
673 1987 890 2084 succedit
917 1985 1141 2113 magiller
1163 1983 1427 2084 Gotfridus
1458 1986 1673 2085 eiuldem
1707 2020 1787 2084 ec·
1970 2036 1973 2039 ·

263 2136 403 2202 cee
484 2134 680 2199 ecanus.

281 2236 289 2247 '
377 2218 572 2317 Eodem
594 2240 728 2315 anno
752 2234 872 2345 aput
881 2218 1127 2315 Viennam
1150 2218 1299 2347 gallie
1322 2216 1785 2318 intuendisocto·

259 2338 361 2438 bris
392 2335 673 2435 celebratur
702 2336 969 2433 concilium
1000 2367 1030 2430 a
1060 2333 1266 2431 domino
1288 2334 1546 2433 Clemente
1567 2338 1626 2435 V.
1649 2369 1718 2465 pa
1754 2370 1785 2435 a

258 2487 352 2597 pro
382 2454 746 2552 reformacione
774 2482 969 2549 morum
998 2453 1288 2578 uniuersalis
1311 2454 1531 2566 Ecclelie·
1560 2470 1613 2551 et
1634 2488 1699 2583 pa
1735 2488 1785 2552 a·

239 2608 342 2705 1ρςιο
374 2571 713 2670 terrolancte.
746 2584 798 2668 et
828 2568 954 2667 ordo
984 2570 1359 2696 templariorum
1395 2574 1563 2698 quiin
1592 2576 1785 2711 magnis
1902 2687 1904 2693 y
2071 2644 2075 2650 -
2128 2586 2134 2595 ’

261 2692 444 2789 calibus
467 2687 661 2786 delatus
674 2688 769 2784 luit
790 2686 1005 2789 concilio
1017 2685 1381 2815 approbatione
1398 2685 1614 2784 eiusdem
1628 2721 1785 2785 omm-

260 2840 332 2908 no
371 2807 642 2905 destruitur.
682 2804 1099 2904 exterminabitur.
1142 2820 1291 2930 atque
1332 2804 1540 2903 deletur.
1581 2805 1787 2905 fuerunt

259 2943 425 3025 autem
448 2928 501 3022 in
524 2921 704 3021 eodem
728 2921 1256 3020 coucilioPatriarche.
1270 2922 1656 3051 Archiepiscopi.
1681 2928 1784 3053 epi·
1906 3016 1913 3027 .

258 3046 406 3173 scopi.
436 3071 645 3139 numero
678 3042 884 3172 (spatium
909 3038 1327 3165 vammbbates
1359 3056 1411 3138 et
1421 3042 1629 3171 magistri
1653 3042 1786 3173 ordi·

258 3193 376 3257 num
410 3192 520 3257 cum
552 3160 661 3257 aliis
691 3159 897 3286 prelatis
926 3160 980 3252 in
1001 3185 1211 3254 numero
1239 3187 1299 3253 co
1337 3159 1453 3283 iolo.
1483 3188 1574 3256 rex
1595 3159 1783 3258 francie

258 3279 538 3411 Phylippus
568 3308 681 3373 cum
705 3274 974 3414 Germano.
1004 3288 1056 3369 et
1085 3271 1281 3412 duobus
1299 3190 1436 3372 iliis.
1457 3306 1549 3417 reio
1569 3278 1805 3415 Arrago·-

257 3399 341 3493 nie
373 3426 484 3491 cum
515 3394 624 3491 aliis
654 3395 837 3490 multis.
867 3392 1033 3489 linitur
1057 3406 1223 3487 autem
1248 3389 1381 3488 rdem
1407 3395 1672 3490 concilium
1698 3427 1784 3489 an·

244 3545 326 3611 no
356 3512 593 3641 sequenti.
635 3512 872 3607 Iohannis
906 3524 1021 3605 ante
1051 3509 1497 3633 portam'latinam.
1526 3510 1785 3639 pontifica-

260 3647 341 3728 tus
374 3630 564 3725 domiui
587 3626 860 3725 Clementis
880 3626 938 3721 V.
968 3657 1034 3751 pa
1071 3656 1099 3721 e
1130 3654 1265 3719 anno
1295 3628 1376 3749 vij.
1473 3664 1478 3671 ·

84 3820 92 3834 .
283 3779 288 3787 ·
374 3745 572 3844 Eodem
601 3775 736 3841 anno
764 3743 859 3839 fuit
878 3757 1018 3839 tanta
1126 3741 1239 3839 illia.
1264 3739 1402 3884 quod
1421 3739 1627 3839 Modius
1650 3744 1782 3841 Lau·

259 3863 495 3962 daweufis
525 3862 744 3990 Siliginis
774 3857 1085 3958 vendebatur
1113 3890 1205 3988 pro
1242 3892 1319 3982 vn.
1355 3865 1409 3957 u,
1444 3860 1782 3987 ratisponenlie
1934 3878 1946 3889 “

257 3984 364 4080 bus.
394 3982 535 4079 scalla
554 3979 849 4110 patauienfis
877 4009 970 4117 pro
992 3980 1057 4075 xi.
1076 3980 1132 4074 n.
1155 3977 1528 4106 patauienfibun
1589 3978 1781 4077 Austra-

258 4102 321 4199 lis
344 4097 542 4197 modius
570 4127 664 4253 pro
687 4129 735 4194 m
757 4103 814 4193 n.
843 4095 1218 4193 wiennenlibus.
1554 4128 1558 4135 ·

375 4217 465 4317 Μ’.
488 4248 572 4313 ccc
590 4288 601 4311 .
620 4216 702 4311 xii.
742 4211 1038 4311 Chunradus
1072 4212 1489 4356 Archiepilcopus
1523 4212 1782 4429 Salczssur·

292 4335 413 4433 ensis
437 4334 573 4431 obiit.
593 4334 689 4457 viij.
711 4329 965 4428 Kalendas
975 4332 1176 4459 Aprilis.
1201 4363 1280 4429 cur
1304 4330 1533 4427 dominus
1555 4332 1669 4429 Wic
1707 4364 1781 4428 ar·

257 4367 364 4551 dus.
396 4449 611 4549 eiusdem
637 4449 836 4547 ecclesie
861 4448 1079 4568 decanus
1098 4447 1325 4547 succedit.
1359 4449 1606 4557 electione
1633 4480 1782 4547 cano·
1875 4479 1879 4487 ’

255 4574 399 4669 nica·
426 4583 478 4665 et
508 4570 687 4787 recifit
715 4568 921 4697 pallium
963 4599 994 4663 a
1023 4565 1228 4664 domino
1266 4566 1524 4671 Clemente
1556 4568 1614 4666 V.
1648 4600 1781 4702 papa
1829 4625 1833 4635 ·

38 4783 46 4793 .
104 4716 109 4723 ’
188 4710 192 4720 ’
256 4686 572 4819 pontificatus
624 4719 674 4784 ur
703 4716 836 4784 anno
861 4686 938 4810 vij.

952 4918 1120 5054 Yyy.
1307 4910 1309 4917 ’
1413 4862 1416 4869 ·
1622 4842 1723 5019 Eo·
