<?xml version="1.0" encoding="UTF-8"?>
<!DOCTYPE html PUBLIC "-//W3C//DTD XHTML 1.0 Transitional//EN"
    "http://www.w3.org/TR/xhtml1/DTD/xhtml1-transitional.dtd">
<html xmlns="http://www.w3.org/1999/xhtml" xml:lang="en" lang="en">
 <head>
  <title>
</title>
<meta http-equiv="Content-Type" content="text/html;charset=utf-8" />
  <meta name='ocr-system' content='tesseract 3.04.00' />
  <meta name='ocr-capabilities' content='ocr_page ocr_carea ocr_par ocr_line ocrx_word'/>
</head>
<body>
  <div class='ocr_page' id='page_1' title='image "./rerumavstriacar02raucgoog_0536.png"; bbox 0 0 4742 6067; ppageno 0'>
   <div class='ocr_carea' id='block_1_1' title="bbox 716 422 1794 549">
    <p class='ocr_par' dir='ltr' id='par_1_1' title="bbox 716 422 1794 549">
     <span class='ocr_line' id='line_1_1' title="bbox 716 422 1794 549; baseline 0.027 -53"><span class='ocrx_word' id='word_1_1' title='bbox 716 471 754 521; x_wconf 65' lang='lat'><em>„</em></span> <span class='ocrx_word' id='word_1_2' title='bbox 794 424 1391 529; x_wconf 69' lang='lat' dir='ltr'><strong>osrannovrnnan.</strong></span> <span class='ocrx_word' id='word_1_3' title='bbox 1503 511 1548 549; x_wconf 22' lang='grc' dir='ltr'><strong>ι,</strong></span> <span class='ocrx_word' id='word_1_4' title='bbox 1613 428 1617 433; x_wconf 82' lang='grc'>’</span> <span class='ocrx_word' id='word_1_5' title='bbox 1682 422 1794 547; x_wconf 59' lang='grc' dir='ltr'>ω</span> 
     </span>
    </p>
   </div>
   <div class='ocr_carea' id='block_1_2' title="bbox 259 584 1844 987">
    <p class='ocr_par' dir='ltr' id='par_1_2' title="bbox 259 584 1844 987">
     <span class='ocr_line' id='line_1_2' title="bbox 317 584 1840 750; baseline 0 -31"><span class='ocrx_word' id='word_1_6' title='bbox 317 632 484 750; x_wconf 76' lang='lat' dir='ltr'><strong>panas.</strong></span> <span class='ocrx_word' id='word_1_7' title='bbox 518 625 616 723; x_wconf 85' lang='lat' dir='ltr'><strong>iam</strong></span> <span class='ocrx_word' id='word_1_8' title='bbox 659 607 919 723; x_wconf 70' lang='lat' dir='ltr'><strong>erexerant</strong></span> <span class='ocrx_word' id='word_1_9' title='bbox 963 611 1027 730; x_wconf 83' lang='lat' dir='ltr'><strong>ad</strong></span> <span class='ocrx_word' id='word_1_10' title='bbox 1059 654 1230 722; x_wconf 89' lang='lat' dir='ltr'><strong>eorum</strong></span> <span class='ocrx_word' id='word_1_11' title='bbox 1271 584 1523 723; x_wconf 72' lang='lat' dir='ltr'><strong>canillunr</strong></span> <span class='ocrx_word' id='word_1_12' title='bbox 1560 652 1840 721; x_wconf 76' lang='lat' dir='ltr'><strong>conuocari·</strong></span> 
     </span>
     <span class='ocr_line' id='line_1_3' title="bbox 259 740 1841 885; baseline -0.001 -48"><span class='ocrx_word' id='word_1_13' title='bbox 259 828 265 837; x_wconf 91' lang='lat'><strong>.</strong></span> <span class='ocrx_word' id='word_1_14' title='bbox 322 740 452 837; x_wconf 74' lang='lat' dir='ltr'><strong>duna</strong></span> <span class='ocrx_word' id='word_1_15' title='bbox 484 756 534 837; x_wconf 87' lang='lat' dir='ltr'><strong>et</strong></span> <span class='ocrx_word' id='word_1_16' title='bbox 568 744 627 882; x_wconf 72' lang='lat' dir='ltr'><strong>¹fic</strong></span> <span class='ocrx_word' id='word_1_17' title='bbox 661 742 1169 884; x_wconf 75' lang='lat' dir='ltr'><strong>intendebantmore</strong></span> <span class='ocrx_word' id='word_1_18' title='bbox 1205 742 1439 885; x_wconf 71' lang='lat' dir='ltr'><strong>regaliurn</strong></span> <span class='ocrx_word' id='word_1_19' title='bbox 1471 743 1734 879; x_wconf 69' lang='lat' dir='ltr'><strong>trinitatum.</strong></span> <span class='ocrx_word' id='word_1_20' title='bbox 1766 756 1841 836; x_wconf 85' lang='lat' dir='ltr'><strong>ut·</strong></span> 
     </span>
     <span class='ocr_line' id='line_1_4' title="bbox 319 858 1844 987; baseline 0 -35"><span class='ocrx_word' id='word_1_21' title='bbox 319 874 442 987; x_wconf 77' lang='lat' dir='ltr'><strong>&#39;pote</strong></span> <span class='ocrx_word' id='word_1_22' title='bbox 466 859 748 986; x_wconf 81' lang='lat' dir='ltr'><strong>Ratrspona.</strong></span> <span class='ocrx_word' id='word_1_23' title='bbox 789 892 893 956; x_wconf 85' lang='lat' dir='ltr'><strong>nnn</strong></span> <span class='ocrx_word' id='word_1_24' title='bbox 917 892 1023 987; x_wconf 79' lang='lat' dir='ltr'><strong>regi</strong></span> <span class='ocrx_word' id='word_1_25' title='bbox 1051 859 1294 956; x_wconf 78' lang='lat' dir='ltr'><strong>mandans</strong></span> <span class='ocrx_word' id='word_1_26' title='bbox 1321 861 1552 987; x_wconf 82' lang='lat' dir='ltr'><strong>ep1seopr.</strong></span> <span class='ocrx_word' id='word_1_27' title='bbox 1581 858 1699 953; x_wconf 85' lang='lat' dir='ltr'><strong>licut</strong></span> <span class='ocrx_word' id='word_1_28' title='bbox 1722 873 1844 953; x_wconf 89' lang='lat' dir='ltr'><strong>ante</strong></span> 
     </span>
    </p>
   </div>
   <div class='ocr_carea' id='block_1_3' title="bbox 325 974 2025 1105">
    <p class='ocr_par' dir='ltr' id='par_1_3' title="bbox 325 970 2025 1105">
     <span class='ocr_line' id='line_1_5' title="bbox 325 974 2025 1105; baseline -0.004 -30"><span class='ocrx_word' id='word_1_29' title='bbox 325 977 693 1075; x_wconf 73' lang='lat' dir='ltr'><strong>consueuerant</strong></span> <span class='ocrx_word' id='word_1_30' title='bbox 732 976 815 1072; x_wconf 84' lang='lat' dir='ltr'><strong>sed</strong></span> <span class='ocrx_word' id='word_1_31' title='bbox 845 980 1060 1105; x_wconf 85' lang='lat' dir='ltr'><strong>propriis</strong></span> <span class='ocrx_word' id='word_1_32' title='bbox 1089 977 1387 1074; x_wconf 87' lang='lat' dir='ltr'><strong>Rectoribus</strong></span> <span class='ocrx_word' id='word_1_33' title='bbox 1419 992 1471 1071; x_wconf 85' lang='lat' dir='ltr'><strong>et</strong></span> <span class='ocrx_word' id='word_1_34' title='bbox 1511 974 1748 1101; x_wconf 81' lang='lat' dir='ltr'><strong>magistro.</strong></span> <span class='ocrx_word' id='word_1_35' title='bbox 1789 989 1842 1070; x_wconf 89' lang='lat' dir='ltr'><strong>et</strong></span> <span class='ocrx_word' id='word_1_36' title='bbox 2006 987 2025 1013; x_wconf 49' lang='lat' dir='ltr'><em>f</em></span> 
     </span>
    </p>
   </div>
   <div class='ocr_carea' id='block_1_4' title="bbox 216 1092 1840 1541">
    <p class='ocr_par' dir='ltr' id='par_1_4' title="bbox 216 1092 1840 1541">
     <span class='ocr_line' id='line_1_6' title="bbox 315 1092 1837 1222; baseline 0.001 -35"><span class='ocrx_word' id='word_1_37' title='bbox 315 1096 368 1188; x_wconf 77' lang='lat' dir='ltr'><strong>su</strong></span> <span class='ocrx_word' id='word_1_38' title='bbox 409 1124 460 1187; x_wconf 90' lang='lat' dir='ltr'><strong>er</strong></span> <span class='ocrx_word' id='word_1_39' title='bbox 481 1092 705 1219; x_wconf 87' lang='lat' dir='ltr'><strong>predicta</strong></span> <span class='ocrx_word' id='word_1_40' title='bbox 727 1092 969 1191; x_wconf 82' lang='lat' dir='ltr'>discordia</span> <span class='ocrx_word' id='word_1_41' title='bbox 989 1110 1090 1191; x_wconf 87' lang='lat' dir='ltr'><strong>tam</strong></span> <span class='ocrx_word' id='word_1_42' title='bbox 1115 1096 1215 1222; x_wconf 83' lang='lat' dir='ltr'><strong>ipse</strong></span> <span class='ocrx_word' id='word_1_43' title='bbox 1241 1094 1498 1221; x_wconf 85' lang='lat' dir='ltr'><strong>episcopus</strong></span> <span class='ocrx_word' id='word_1_44' title='bbox 1520 1124 1669 1219; x_wconf 83' lang='lat' dir='ltr'><strong>quam</strong></span> <span class='ocrx_word' id='word_1_45' title='bbox 1688 1094 1837 1189; x_wconf 83' lang='lat' dir='ltr'><strong>ciues.</strong></span> 
     </span>
     <span class='ocr_line' id='line_1_7' title="bbox 216 1207 1840 1340; baseline -0.001 -37"><span class='ocrx_word' id='word_1_46' title='bbox 216 1311 219 1313; x_wconf 54' lang='grc'>,</span> <span class='ocrx_word' id='word_1_47' title='bbox 424 1226 583 1305; x_wconf 87' lang='lat' dir='ltr'><strong>ertum</strong></span> <span class='ocrx_word' id='word_1_48' title='bbox 612 1242 781 1338; x_wconf 90' lang='lat' dir='ltr'><strong>regem</strong></span> <span class='ocrx_word' id='word_1_49' title='bbox 811 1215 864 1306; x_wconf 91' lang='lat' dir='ltr'><strong>in</strong></span> <span class='ocrx_word' id='word_1_50' title='bbox 895 1215 1030 1307; x_wconf 89' lang='lat' dir='ltr'><strong>curia</strong></span> <span class='ocrx_word' id='word_1_51' title='bbox 1059 1243 1205 1340; x_wconf 89' lang='lat' dir='ltr'><strong>quam</strong></span> <span class='ocrx_word' id='word_1_52' title='bbox 1232 1210 1503 1311; x_wconf 86' lang='lat' dir='ltr'><strong>celebrauit</strong></span> <span class='ocrx_word' id='word_1_53' title='bbox 1532 1207 1840 1335; x_wconf 79' lang='lat' dir='ltr'><strong>aput-Num-</strong></span> 
     </span>
     <span class='ocr_line' id='line_1_8' title="bbox 315 1328 1840 1541; baseline -0.003 -117"><span class='ocrx_word' id='word_1_54' title='bbox 315 1328 470 1433; x_wconf 86' lang='lat' dir='ltr'><strong>berch</strong></span> <span class='ocrx_word' id='word_1_55' title='bbox 507 1328 805 1427; x_wconf 73' lang='lat' dir='ltr'><strong>accederunt</strong></span> <span class='ocrx_word' id='word_1_56' title='bbox 834 1330 941 1425; x_wconf 82' lang='lat' dir='ltr'><strong>luas</strong></span> <span class='ocrx_word' id='word_1_57' title='bbox 973 1330 1306 1455; x_wconf 85' lang='lat' dir='ltr'>querimonias</span> <span class='ocrx_word' id='word_1_58' title='bbox 1332 1341 1694 1541; x_wconf 30' lang='lat' dir='ltr'><strong>gornponentes.</strong></span> <span class='ocrx_word' id='word_1_59' title='bbox 1726 1356 1840 1453; x_wconf 81' lang='lat' dir='ltr'><strong>pre·</strong></span> 
     </span>
    </p>
   </div>
   <div class='ocr_carea' id='block_1_5' title="bbox 316 1440 2019 1572">
    <p class='ocr_par' dir='ltr' id='par_1_5' title="bbox 316 1440 2019 1572">
     <span class='ocr_line' id='line_1_9' title="bbox 316 1440 2019 1572; baseline -0.004 -33"><span class='ocrx_word' id='word_1_60' title='bbox 316 1441 477 1539; x_wconf 89' lang='lat' dir='ltr'><strong>dictus</strong></span> <span class='ocrx_word' id='word_1_61' title='bbox 512 1475 633 1540; x_wconf 91' lang='lat' dir='ltr'><strong>uero</strong></span> <span class='ocrx_word' id='word_1_62' title='bbox 663 1477 752 1541; x_wconf 85' lang='lat' dir='ltr'><strong>rex</strong></span> <span class='ocrx_word' id='word_1_63' title='bbox 782 1478 885 1541; x_wconf 90' lang='lat' dir='ltr'><strong>non</strong></span> <span class='ocrx_word' id='word_1_64' title='bbox 914 1477 1006 1572; x_wconf 86' lang='lat' dir='ltr'><strong>per</strong></span> <span class='ocrx_word' id='word_1_65' title='bbox 1034 1447 1245 1546; x_wconf 85' lang='lat' dir='ltr'><strong>formam</strong></span> <span class='ocrx_word' id='word_1_66' title='bbox 1278 1447 1328 1544; x_wconf 91' lang='lat' dir='ltr'><strong>iu</strong></span> <span class='ocrx_word' id='word_1_67' title='bbox 1365 1477 1459 1539; x_wconf 83' lang='lat'><strong>1011.</strong></span> <span class='ocrx_word' id='word_1_68' title='bbox 1486 1440 1574 1559; x_wconf 46' lang='lat' dir='ltr'><strong>,sed</strong></span> <span class='ocrx_word' id='word_1_69' title='bbox 1603 1474 1694 1569; x_wconf 88' lang='lat' dir='ltr'><strong>per</strong></span> <span class='ocrx_word' id='word_1_70' title='bbox 1715 1443 1847 1547; x_wconf 52' lang='lat' dir='ltr'><strong>arbi-⁴¹</strong></span> <span class='ocrx_word' id='word_1_71' title='bbox 2014 1528 2019 1533; x_wconf 86' lang='lat'><strong>.</strong></span> 
     </span>
    </p>
   </div>
   <div class='ocr_carea' id='block_1_6' title="bbox 312 1558 1880 2048">
    <p class='ocr_par' dir='ltr' id='par_1_6' title="bbox 312 1558 1880 2048">
     <span class='ocr_line' id='line_1_10' title="bbox 314 1558 1840 1691; baseline -0.001 -35"><span class='ocrx_word' id='word_1_72' title='bbox 314 1562 464 1658; x_wconf 89' lang='lat' dir='ltr'><strong>trium</strong></span> <span class='ocrx_word' id='word_1_73' title='bbox 495 1560 693 1661; x_wconf 85' lang='lat' dir='ltr'><strong>eosdem</strong></span> <span class='ocrx_word' id='word_1_74' title='bbox 725 1564 861 1691; x_wconf 84' lang='lat' dir='ltr'><strong>eines</strong></span> <span class='ocrx_word' id='word_1_75' title='bbox 893 1593 1005 1659; x_wconf 86' lang='lat' dir='ltr'><strong>cum</strong></span> <span class='ocrx_word' id='word_1_76' title='bbox 1037 1564 1268 1691; x_wconf 80' lang='lat' dir='ltr'><strong>episcopo</strong></span> <span class='ocrx_word' id='word_1_77' title='bbox 1302 1558 1638 1673; x_wconf 74' lang='lat' dir='ltr'><strong>concordauit.</strong></span> <span class='ocrx_word' id='word_1_78' title='bbox 1668 1560 1739 1668; x_wconf 86' lang='lat' dir='ltr'><strong>ita</strong></span> <span class='ocrx_word' id='word_1_79' title='bbox 1768 1560 1840 1655; x_wconf 88' lang='lat' dir='ltr'><strong>ui-</strong></span> 
     </span>
     <span class='ocr_line' id='line_1_11' title="bbox 313 1676 1840 1809; baseline 0.003 -37"><span class='ocrx_word' id='word_1_80' title='bbox 313 1677 511 1779; x_wconf 81' lang='lat' dir='ltr'><strong>delicet.</strong></span> <span class='ocrx_word' id='word_1_81' title='bbox 559 1678 697 1805; x_wconf 85' lang='lat' dir='ltr'><strong>quod</strong></span> <span class='ocrx_word' id='word_1_82' title='bbox 733 1681 959 1809; x_wconf 86' lang='lat' dir='ltr'>Sigillum</span> <span class='ocrx_word' id='word_1_83' title='bbox 992 1698 1042 1787; x_wconf 85' lang='lat' dir='ltr'><strong>et</strong></span> <span class='ocrx_word' id='word_1_84' title='bbox 1066 1710 1329 1787; x_wconf 77' lang='lat' dir='ltr'><strong>camenas</strong></span> <span class='ocrx_word' id='word_1_85' title='bbox 1366 1676 1570 1774; x_wconf 88' lang='lat' dir='ltr'><strong>domino</strong></span> <span class='ocrx_word' id='word_1_86' title='bbox 1607 1676 1840 1803; x_wconf 83' lang='lat' dir='ltr'><strong>episcopo</strong></span> 
     </span>
     <span class='ocr_line' id='line_1_12' title="bbox 313 1710 1880 1923; baseline -0.001 -34"><span class='ocrx_word' id='word_1_87' title='bbox 313 1789 625 1900; x_wconf 79' lang='lat' dir='ltr'><strong>tradiderunt</strong></span> <span class='ocrx_word' id='word_1_88' title='bbox 647 1828 853 1923; x_wconf 85' lang='lat' dir='ltr'><strong>quarum</strong></span> <span class='ocrx_word' id='word_1_89' title='bbox 880 1828 979 1892; x_wconf 84' lang='lat' dir='ltr'><strong>una</strong></span> <span class='ocrx_word' id='word_1_90' title='bbox 1000 1802 1159 1895; x_wconf 85' lang='lat' dir='ltr'><strong>eciam</strong></span> <span class='ocrx_word' id='word_1_91' title='bbox 1173 1710 1332 1893; x_wconf 58' lang='lat' dir='ltr'><strong>irodie</strong></span> <span class='ocrx_word' id='word_1_92' title='bbox 1359 1801 1412 1891; x_wconf 89' lang='lat' dir='ltr'><strong>in</strong></span> <span class='ocrx_word' id='word_1_93' title='bbox 1431 1792 1649 1899; x_wconf 76' lang='lat' dir='ltr'><strong>¹Ecclesia</strong></span> <span class='ocrx_word' id='word_1_94' title='bbox 1669 1792 1841 1893; x_wconf 84' lang='lat' dir='ltr'>Sancti</span> <span class='ocrx_word' id='word_1_95' title='bbox 1878 1830 1880 1839; x_wconf 93' lang='lat'>·</span> 
     </span>
     <span class='ocr_line' id='line_1_13' title="bbox 312 1907 1865 2048; baseline -0.005 -41"><span class='ocrx_word' id='word_1_96' title='bbox 312 1912 559 2048; x_wconf 77' lang='lat' dir='ltr'><strong>Stephani</strong></span> <span class='ocrx_word' id='word_1_97' title='bbox 578 1908 853 2011; x_wconf 86' lang='lat' dir='ltr'><strong>Patauienli</strong></span> <span class='ocrx_word' id='word_1_98' title='bbox 883 1914 1108 2010; x_wconf 81' lang='lat' dir='ltr'><strong>habetur.</strong></span> <span class='ocrx_word' id='word_1_99' title='bbox 1147 1914 1475 2040; x_wconf 84' lang='lat' dir='ltr'><strong>promiserunt</strong></span> <span class='ocrx_word' id='word_1_100' title='bbox 1498 1912 1654 2009; x_wconf 77' lang='lat' dir='ltr'><strong>eciam</strong></span> <span class='ocrx_word' id='word_1_101' title='bbox 1675 1907 1865 2036; x_wconf 70' lang='lat' dir='ltr'><strong>predi«.</strong></span> 
     </span>
    </p>
   </div>
   <div class='ocr_carea' id='block_1_7' title="bbox 313 2024 2129 2157">
    <p class='ocr_par' dir='ltr' id='par_1_7' title="bbox 313 2024 2129 2157">
     <span class='ocr_line' id='line_1_14' title="bbox 313 2024 2129 2157; baseline -0.002 -35"><span class='ocrx_word' id='word_1_102' title='bbox 313 2044 383 2122; x_wconf 81' lang='lat' dir='ltr'><strong>etr</strong></span> <span class='ocrx_word' id='word_1_103' title='bbox 405 2031 541 2123; x_wconf 82' lang='lat' dir='ltr'><strong>ciues</strong></span> <span class='ocrx_word' id='word_1_104' title='bbox 567 2045 841 2125; x_wconf 86' lang='lat' dir='ltr'><strong>memorato</strong></span> <span class='ocrx_word' id='word_1_105' title='bbox 866 2032 1098 2157; x_wconf 85' lang='lat' dir='ltr'><strong>episcopo</strong></span> <span class='ocrx_word' id='word_1_106' title='bbox 1123 2046 1176 2125; x_wconf 88' lang='lat' dir='ltr'><strong>et</strong></span> <span class='ocrx_word' id='word_1_107' title='bbox 1197 2030 1291 2125; x_wconf 81' lang='lat' dir='ltr'><strong>luis</strong></span> <span class='ocrx_word' id='word_1_108' title='bbox 1312 2028 1656 2129; x_wconf 78' lang='lat' dir='ltr'><strong>succenoribus</strong></span> <span class='ocrx_word' id='word_1_109' title='bbox 1681 2024 1746 2121; x_wconf 86' lang='lat' dir='ltr'><strong>de</strong></span> <span class='ocrx_word' id='word_1_110' title='bbox 1762 2056 1841 2123; x_wconf 80' lang='lat' dir='ltr'><strong>oe·</strong></span> <span class='ocrx_word' id='word_1_111' title='bbox 2002 2058 2006 2065; x_wconf 72' lang='grc'>’</span> <span class='ocrx_word' id='word_1_112' title='bbox 2108 2032 2129 2055; x_wconf 88' lang='grc'><strong>’”</strong></span> 
     </span>
    </p>
   </div>
   <div class='ocr_carea' id='block_1_8' title="bbox 313 2140 1844 2269">
    <p class='ocr_par' dir='ltr' id='par_1_8' title="bbox 313 2140 1844 2269">
     <span class='ocr_line' id='line_1_15' title="bbox 313 2140 1844 2269; baseline 0.001 -33"><span class='ocrx_word' id='word_1_113' title='bbox 313 2158 423 2237; x_wconf 89' lang='lat' dir='ltr'><strong>tero</strong></span> <span class='ocrx_word' id='word_1_114' title='bbox 446 2141 659 2238; x_wconf 85' lang='lat' dir='ltr'><strong>fideliter</strong></span> <span class='ocrx_word' id='word_1_115' title='bbox 684 2142 904 2240; x_wconf 89' lang='lat' dir='ltr'><strong>obedire.</strong></span> <span class='ocrx_word' id='word_1_116' title='bbox 944 2170 1039 2239; x_wconf 90' lang='lat' dir='ltr'><strong>nec</strong></span> <span class='ocrx_word' id='word_1_117' title='bbox 1077 2145 1243 2239; x_wconf 76' lang='lat' dir='ltr'><strong>similia</strong></span> <span class='ocrx_word' id='word_1_118' title='bbox 1279 2140 1598 2269; x_wconf 80' lang='lat' dir='ltr'><strong>adtemptare.</strong></span> <span class='ocrx_word' id='word_1_119' title='bbox 1641 2156 1693 2235; x_wconf 90' lang='lat' dir='ltr'><strong>et</strong></span> <span class='ocrx_word' id='word_1_120' title='bbox 1716 2144 1844 2238; x_wconf 82' lang='lat' dir='ltr'><strong>inlu·</strong></span> 
     </span>
    </p>
   </div>
   <div class='ocr_carea' id='block_1_9' title="bbox 287 2258 1919 3551">
    <p class='ocr_par' dir='ltr' id='par_1_9' title="bbox 287 2258 1919 3551">
     <span class='ocr_line' id='line_1_16' title="bbox 312 2258 1840 2471; baseline 0.003 -117"><span class='ocrx_word' id='word_1_121' title='bbox 312 2284 405 2387; x_wconf 85' lang='lat' dir='ltr'><strong>per</strong></span> <span class='ocrx_word' id='word_1_122' title='bbox 435 2260 740 2471; x_wconf 77' lang='lat' dir='ltr'><strong>coactidsunt</strong></span> <span class='ocrx_word' id='word_1_123' title='bbox 770 2260 888 2360; x_wconf 82' lang='lat' dir='ltr'><strong>dare</strong></span> <span class='ocrx_word' id='word_1_124' title='bbox 920 2258 1021 2365; x_wconf 85' lang='lat' dir='ltr'><strong>duo</strong></span> <span class='ocrx_word' id='word_1_125' title='bbox 1052 2261 1186 2369; x_wconf 80' lang='lat' dir='ltr'><strong>milia</strong></span> <span class='ocrx_word' id='word_1_126' title='bbox 1225 2260 1460 2360; x_wconf 87' lang='lat' dir='ltr'><strong>librarum</strong></span> <span class='ocrx_word' id='word_1_127' title='bbox 1489 2259 1840 2396; x_wconf 70' lang='lat' dir='ltr'><strong>paramentum</strong></span> 
     </span>
     <span class='ocr_line' id='line_1_17' title="bbox 349 2406 1043 2475; baseline 0.009 -4"><span class='ocrx_word' id='word_1_128' title='bbox 349 2406 405 2471; x_wconf 89' lang='lat' dir='ltr'><strong>ro</strong></span> <span class='ocrx_word' id='word_1_129' title='bbox 438 2407 583 2472; x_wconf 91' lang='lat' dir='ltr'><strong>emen</strong></span> <span class='ocrx_word' id='word_1_130' title='bbox 620 2407 661 2475; x_wconf 84' lang='lat' dir='ltr'><strong>a.</strong></span> <span class='ocrx_word' id='word_1_131' title='bbox 1038 2410 1043 2415; x_wconf 82' lang='grc'><strong>’</strong></span> 
     </span>
     <span class='ocr_line' id='line_1_18' title="bbox 312 2409 1919 2603; baseline 0.001 -14"><span class='ocrx_word' id='word_1_132' title='bbox 312 2409 347 2505; x_wconf 74' lang='lat' dir='ltr'>p</span> <span class='ocrx_word' id='word_1_133' title='bbox 393 2547 396 2551; x_wconf 92' lang='lat'>·</span> <span class='ocrx_word' id='word_1_134' title='bbox 439 2492 636 2598; x_wconf 83' lang='lat' dir='ltr'><strong>Eodem</strong></span> <span class='ocrx_word' id='word_1_135' title='bbox 658 2525 792 2593; x_wconf 89' lang='lat' dir='ltr'><strong>anno</strong></span> <span class='ocrx_word' id='word_1_136' title='bbox 818 2494 1082 2602; x_wconf 76' lang='lat' dir='ltr'><strong>exorta&#39;ell</strong></span> <span class='ocrx_word' id='word_1_137' title='bbox 1113 2496 1245 2593; x_wconf 79' lang='lat' dir='ltr'><strong>fama</strong></span> <span class='ocrx_word' id='word_1_138' title='bbox 1271 2494 1333 2591; x_wconf 87' lang='lat' dir='ltr'><strong>de</strong></span> <span class='ocrx_word' id='word_1_139' title='bbox 1356 2494 1536 2594; x_wconf 83' lang='lat' dir='ltr'><strong>Iudeis,</strong></span> <span class='ocrx_word' id='word_1_140' title='bbox 1605 2493 1706 2591; x_wconf 91' lang='lat' dir='ltr'><strong>uod</strong></span> <span class='ocrx_word' id='word_1_141' title='bbox 1730 2520 1841 2591; x_wconf 89' lang='lat' dir='ltr'><strong>cor·</strong></span> <span class='ocrx_word' id='word_1_142' title='bbox 1916 2598 1919 2603; x_wconf 64' lang='grc'><em>,</em></span> 
     </span>
     <span class='ocr_line' id='line_1_19' title="bbox 306 2526 1840 2754; baseline 0.006 -50"><span class='ocrx_word' id='word_1_143' title='bbox 306 2640 408 2737; x_wconf 75' lang='lat' dir='ltr'><strong>,pus</strong></span> <span class='ocrx_word' id='word_1_144' title='bbox 445 2608 747 2713; x_wconf 89' lang='lat' dir='ltr'><strong>dominicum</strong></span> <span class='ocrx_word' id='word_1_145' title='bbox 768 2615 822 2710; x_wconf 92' lang='lat' dir='ltr'><strong>in</strong></span> <span class='ocrx_word' id='word_1_146' title='bbox 845 2617 1081 2711; x_wconf 86' lang='lat' dir='ltr'><strong>mortario</strong></span> <span class='ocrx_word' id='word_1_147' title='bbox 1117 2612 1444 2711; x_wconf 86' lang='lat' dir='ltr'><strong>contuderint.</strong></span> <span class='ocrx_word' id='word_1_148' title='bbox 1484 2628 1537 2711; x_wconf 81' lang='lat' dir='ltr'><strong>et</strong></span> <span class='ocrx_word' id='word_1_149' title='bbox 1561 2526 1751 2754; x_wconf 48' lang='lat' dir='ltr'><strong>linguis</strong></span> <span class='ocrx_word' id='word_1_150' title='bbox 1784 2613 1840 2713; x_wconf 85' lang='lat' dir='ltr'><strong>in</strong></span> 
     </span>
     <span class='ocr_line' id='line_1_20' title="bbox 308 2729 1841 2859; baseline 0.005 -38"><span class='ocrx_word' id='word_1_151' title='bbox 308 2729 471 2824; x_wconf 87' lang='lat' dir='ltr'><strong>multa</strong></span> <span class='ocrx_word' id='word_1_152' title='bbox 502 2730 776 2856; x_wconf 84' lang='lat' dir='ltr'><strong>quantitate</strong></span> <span class='ocrx_word' id='word_1_153' title='bbox 812 2733 1129 2831; x_wconf 82' lang='lat' dir='ltr'><strong>emanauerit.</strong></span> <span class='ocrx_word' id='word_1_154' title='bbox 1172 2733 1258 2859; x_wconf 91' lang='lat' dir='ltr'><strong>qui</strong></span> <span class='ocrx_word' id='word_1_155' title='bbox 1287 2730 1454 2858; x_wconf 86' lang='lat' dir='ltr'><strong>postea</strong></span> <span class='ocrx_word' id='word_1_156' title='bbox 1485 2730 1703 2835; x_wconf 77' lang='lat' dir='ltr'><strong>atuden</strong></span> <span class='ocrx_word' id='word_1_157' title='bbox 1734 2759 1841 2835; x_wconf 84' lang='lat' dir='ltr'><strong>non</strong></span> 
     </span>
     <span class='ocr_line' id='line_1_21' title="bbox 351 2846 1842 2973; baseline 0.008 -34"><span class='ocrx_word' id='word_1_158' title='bbox 351 2860 514 2942; x_wconf 87' lang='lat' dir='ltr'><strong>oterat</strong></span> <span class='ocrx_word' id='word_1_159' title='bbox 539 2846 789 2951; x_wconf 83' lang='lat' dir='ltr'><strong>occultari.</strong></span> <span class='ocrx_word' id='word_1_160' title='bbox 853 2850 936 2946; x_wconf 94' lang='lat' dir='ltr'><strong>Ob</strong></span> <span class='ocrx_word' id='word_1_161' title='bbox 960 2851 1057 2945; x_wconf 92' lang='lat' dir='ltr'><strong>hoc</strong></span> <span class='ocrx_word' id='word_1_162' title='bbox 1094 2880 1268 2946; x_wconf 83' lang='lat' dir='ltr'><strong>ornnes</strong></span> <span class='ocrx_word' id='word_1_163' title='bbox 1306 2846 1448 2945; x_wconf 84' lang='lat' dir='ltr'><strong>iudei</strong></span> <span class='ocrx_word' id='word_1_164' title='bbox 1477 2850 1531 2943; x_wconf 90' lang='lat' dir='ltr'><strong>in</strong></span> <span class='ocrx_word' id='word_1_165' title='bbox 1564 2846 1842 2973; x_wconf 78' lang='lat' dir='ltr'><strong>herwipoli.</strong></span> 
     </span>
     <span class='ocr_line' id='line_1_22' title="bbox 371 2961 1841 3093; baseline -0.005 -36"><span class='ocrx_word' id='word_1_166' title='bbox 371 2961 629 3073; x_wconf 79' lang='lat' dir='ltr'><strong>drnberch.</strong></span> <span class='ocrx_word' id='word_1_167' title='bbox 661 2962 1009 3062; x_wconf 53' lang='lat' dir='ltr'><strong>›R&#39;otenburch</strong></span> <span class='ocrx_word' id='word_1_168' title='bbox 1032 2981 1082 3063; x_wconf 89' lang='lat' dir='ltr'><strong>et</strong></span> <span class='ocrx_word' id='word_1_169' title='bbox 1106 2970 1264 3065; x_wconf 88' lang='lat' dir='ltr'><strong>eciam</strong></span> <span class='ocrx_word' id='word_1_170' title='bbox 1298 2996 1389 3093; x_wconf 88' lang='lat' dir='ltr'><strong>per</strong></span> <span class='ocrx_word' id='word_1_171' title='bbox 1403 2979 1570 3063; x_wconf 82' lang='lat' dir='ltr'><strong>totam</strong></span> <span class='ocrx_word' id='word_1_172' title='bbox 1593 2963 1841 3066; x_wconf 82' lang='lat' dir='ltr'><strong>franconi.</strong></span> 
     </span>
     <span class='ocr_line' id='line_1_23' title="bbox 287 3080 1842 3212; baseline -0.001 -33"><span class='ocrx_word' id='word_1_173' title='bbox 287 3105 400 3179; x_wconf 75' lang='lat' dir='ltr'><strong>am·</strong></span> <span class='ocrx_word' id='word_1_174' title='bbox 422 3110 513 3207; x_wconf 85' lang='lat' dir='ltr'><strong>per</strong></span> <span class='ocrx_word' id='word_1_175' title='bbox 532 3080 762 3177; x_wconf 82' lang='lat' dir='ltr'><strong>insultum</strong></span> <span class='ocrx_word' id='word_1_176' title='bbox 784 3084 972 3209; x_wconf 90' lang='lat' dir='ltr'><strong>populi.</strong></span> <span class='ocrx_word' id='word_1_177' title='bbox 1004 3099 1055 3180; x_wconf 91' lang='lat' dir='ltr'><strong>et</strong></span> <span class='ocrx_word' id='word_1_178' title='bbox 1088 3083 1335 3212; x_wconf 85' lang='lat' dir='ltr'><strong>quosdam.</strong></span> <span class='ocrx_word' id='word_1_179' title='bbox 1365 3086 1462 3210; x_wconf 19' lang='lat' dir='ltr'>*qui</span> <span class='ocrx_word' id='word_1_180' title='bbox 1486 3082 1542 3179; x_wconf 80' lang='lat' dir='ltr'><strong>&#39;le</strong></span> <span class='ocrx_word' id='word_1_181' title='bbox 1573 3084 1629 3177; x_wconf 91' lang='lat' dir='ltr'><strong>in</strong></span> <span class='ocrx_word' id='word_1_182' title='bbox 1661 3112 1741 3183; x_wconf 89' lang='lat' dir='ltr'><strong>ma</strong></span> <span class='ocrx_word' id='word_1_183' title='bbox 1776 3090 1842 3177; x_wconf 83' lang='lat' dir='ltr'><strong>ira</strong></span> 
     </span>
     <span class='ocr_line' id='line_1_24' title="bbox 314 3197 1841 3327; baseline 0.001 -36"><span class='ocrx_word' id='word_1_184' title='bbox 314 3197 631 3297; x_wconf 87' lang='lat' dir='ltr'><strong>multitudine</strong></span> <span class='ocrx_word' id='word_1_185' title='bbox 668 3199 986 3327; x_wconf 78' lang='lat' dir='ltr'><strong>collegerant.</strong></span> <span class='ocrx_word' id='word_1_186' title='bbox 1038 3217 1092 3301; x_wconf 83' lang='lat' dir='ltr'><strong>et</strong></span> <span class='ocrx_word' id='word_1_187' title='bbox 1123 3199 1372 3327; x_wconf 83' lang='lat' dir='ltr'><strong>quendam</strong></span> <span class='ocrx_word' id='word_1_188' title='bbox 1403 3201 1490 3327; x_wconf 89' lang='lat' dir='ltr'><strong>qui</strong></span> <span class='ocrx_word' id='word_1_189' title='bbox 1523 3198 1727 3309; x_wconf 85' lang='lat' dir='ltr'><strong>Rintfla&#39;</strong></span> <span class='ocrx_word' id='word_1_190' title='bbox 1752 3198 1841 3305; x_wconf 81' lang='lat' dir='ltr'><strong>chz</strong></span> 
     </span>
     <span class='ocr_line' id='line_1_25' title="bbox 314 3313 1841 3458; baseline -0.004 -49"><span class='ocrx_word' id='word_1_191' title='bbox 314 3313 585 3413; x_wconf 86' lang='lat' dir='ltr'><strong>dicebatur.</strong></span> <span class='ocrx_word' id='word_1_192' title='bbox 618 3346 766 3441; x_wconf 88' lang='lat' dir='ltr'><strong>quem</strong></span> <span class='ocrx_word' id='word_1_193' title='bbox 787 3349 878 3443; x_wconf 90' lang='lat' dir='ltr'><strong>pro</strong></span> <span class='ocrx_word' id='word_1_194' title='bbox 890 3321 1113 3458; x_wconf 79' lang='lat' dir='ltr'><strong>principe</strong></span> <span class='ocrx_word' id='word_1_195' title='bbox 1128 3320 1396 3446; x_wconf 83' lang='lat' dir='ltr'><strong>elegerant.</strong></span> <span class='ocrx_word' id='word_1_196' title='bbox 1427 3316 1711 3415; x_wconf 85' lang='lat' dir='ltr'><strong>uolencium</strong></span> <span class='ocrx_word' id='word_1_197' title='bbox 1732 3316 1841 3410; x_wconf 75' lang='lat' dir='ltr'><strong>uin-</strong></span> 
     </span>
     <span class='ocr_line' id='line_1_26' title="bbox 312 3430 1840 3551; baseline -0.001 -20"><span class='ocrx_word' id='word_1_198' title='bbox 312 3430 494 3534; x_wconf 87' lang='lat' dir='ltr'><strong>dicare.</strong></span> <span class='ocrx_word' id='word_1_199' title='bbox 547 3447 651 3526; x_wconf 89' lang='lat' dir='ltr'><strong>tam</strong></span> <span class='ocrx_word' id='word_1_200' title='bbox 691 3449 947 3535; x_wconf 87' lang='lat' dir='ltr'><strong>recentem</strong></span> <span class='ocrx_word' id='word_1_201' title='bbox 995 3436 1221 3533; x_wconf 75' lang='lat' dir='ltr'><strong>iniuriam</strong></span> <span class='ocrx_word' id='word_1_202' title='bbox 1261 3434 1548 3551; x_wconf 74' lang='lat' dir='ltr'><strong>Salnatnris.</strong></span> <span class='ocrx_word' id='word_1_203' title='bbox 1604 3430 1840 3531; x_wconf 89' lang='lat' dir='ltr'><strong>incendio</strong></span> 
     </span>
    </p>
   </div>
   <div class='ocr_carea' id='block_1_10' title="bbox 150 3548 1840 3665">
    <p class='ocr_par' dir='ltr' id='par_1_10' title="bbox 150 3548 1840 3665">
     <span class='ocr_line' id='line_1_27' title="bbox 150 3548 1840 3665; baseline 0.003 -23"><span class='ocrx_word' id='word_1_204' title='bbox 150 3642 157 3653; x_wconf 79' lang='grc'><em>,</em></span> <span class='ocrx_word' id='word_1_205' title='bbox 314 3548 424 3648; x_wconf 80' lang='lat' dir='ltr'><strong>sunt</strong></span> <span class='ocrx_word' id='word_1_206' title='bbox 454 3549 669 3647; x_wconf 86' lang='lat' dir='ltr'><strong>cremati.</strong></span> <span class='ocrx_word' id='word_1_207' title='bbox 723 3562 774 3642; x_wconf 87' lang='lat' dir='ltr'><strong>et</strong></span> <span class='ocrx_word' id='word_1_208' title='bbox 821 3550 951 3649; x_wconf 86' lang='lat' dir='ltr'><strong>adeo</strong></span> <span class='ocrx_word' id='word_1_209' title='bbox 995 3552 1162 3651; x_wconf 74' lang='lat' dir='ltr'><strong>valida</strong></span> <span class='ocrx_word' id='word_1_210' title='bbox 1197 3550 1291 3649; x_wconf 88' lang='lat' dir='ltr'><strong>fuit</strong></span> <span class='ocrx_word' id='word_1_211' title='bbox 1323 3582 1496 3650; x_wconf 86' lang='lat' dir='ltr'><strong>eorum</strong></span> <span class='ocrx_word' id='word_1_212' title='bbox 1566 3551 1840 3665; x_wconf 83' lang='lat' dir='ltr'><strong>ersecucin‚</strong></span> 
     </span>
    </p>
   </div>
   <div class='ocr_carea' id='block_1_11' title="bbox 253 3661 2001 4975">
    <p class='ocr_par' dir='ltr' id='par_1_11' title="bbox 253 3661 2001 4975">
     <span class='ocr_line' id='line_1_28' title="bbox 317 3661 1838 3794; baseline 0.002 -35"><span class='ocrx_word' id='word_1_213' title='bbox 317 3662 626 3791; x_wconf 89' lang='lat' dir='ltr'><strong>quodetiam</strong></span> <span class='ocrx_word' id='word_1_214' title='bbox 649 3661 864 3763; x_wconf 84' lang='lat' dir='ltr'><strong>Castrum</strong></span> <span class='ocrx_word' id='word_1_215' title='bbox 883 3668 1051 3794; x_wconf 87' lang='lat' dir='ltr'><strong>regale</strong></span> <span class='ocrx_word' id='word_1_216' title='bbox 1075 3669 1128 3773; x_wconf 86' lang='lat' dir='ltr'><strong>in</strong></span> <span class='ocrx_word' id='word_1_217' title='bbox 1147 3666 1198 3761; x_wconf 93' lang='lat' dir='ltr'>N</span> <span class='ocrx_word' id='word_1_218' title='bbox 1199 3666 1472 3764; x_wconf 86' lang='lat' dir='ltr'><strong>urnwerch.</strong></span> <span class='ocrx_word' id='word_1_219' title='bbox 1529 3666 1719 3763; x_wconf 77' lang='lat' dir='ltr'><strong>&#39;astrum</strong></span> <span class='ocrx_word' id='word_1_220' title='bbox 1742 3668 1838 3762; x_wconf 88' lang='lat' dir='ltr'><strong>eci·</strong></span> 
     </span>
     <span class='ocr_line' id='line_1_29' title="bbox 303 3778 1840 3911; baseline -0.003 -34"><span class='ocrx_word' id='word_1_221' title='bbox 303 3813 396 3877; x_wconf 81' lang='lat' dir='ltr'><strong>am</strong></span> <span class='ocrx_word' id='word_1_222' title='bbox 412 3778 756 3880; x_wconf 86' lang='lat' dir='ltr'><strong>Wildenstain</strong></span> <span class='ocrx_word' id='word_1_223' title='bbox 825 3812 950 3911; x_wconf 82' lang='lat' dir='ltr'><strong>rope</strong></span> <span class='ocrx_word' id='word_1_224' title='bbox 984 3814 1177 3886; x_wconf 85' lang='lat' dir='ltr'><strong>nouum</strong></span> <span class='ocrx_word' id='word_1_225' title='bbox 1208 3780 1384 3883; x_wconf 88' lang='lat' dir='ltr'><strong>forum.</strong></span> <span class='ocrx_word' id='word_1_226' title='bbox 1431 3798 1485 3877; x_wconf 89' lang='lat' dir='ltr'><strong>ut</strong></span> <span class='ocrx_word' id='word_1_227' title='bbox 1519 3782 1581 3883; x_wconf 85' lang='lat' dir='ltr'><strong>de</strong></span> <span class='ocrx_word' id='word_1_228' title='bbox 1617 3785 1725 3879; x_wconf 88' lang='lat' dir='ltr'><strong>aliis</strong></span> <span class='ocrx_word' id='word_1_229' title='bbox 1749 3784 1840 3878; x_wconf 73' lang='lat' dir='ltr'><strong>Ca.</strong></span> 
     </span>
     <span class='ocr_line' id='line_1_30' title="bbox 308 3896 1840 4026; baseline 0.001 -32"><span class='ocrx_word' id='word_1_230' title='bbox 308 3897 418 3998; x_wconf 78' lang='lat' dir='ltr'><strong>liris</strong></span> <span class='ocrx_word' id='word_1_231' title='bbox 454 3913 506 3994; x_wconf 88' lang='lat' dir='ltr'><strong>et</strong></span> <span class='ocrx_word' id='word_1_232' title='bbox 530 3896 729 4025; x_wconf 89' lang='lat' dir='ltr'>oppidis</span> <span class='ocrx_word' id='word_1_233' title='bbox 786 3901 1021 4002; x_wconf 86' lang='lat' dir='ltr'><strong>ranconie</strong></span> <span class='ocrx_word' id='word_1_234' title='bbox 1055 3916 1282 4015; x_wconf 82' lang='lat' dir='ltr'><strong>taceam,</strong></span> <span class='ocrx_word' id='word_1_235' title='bbox 1312 3902 1363 4001; x_wconf 82' lang='lat' dir='ltr'><strong>in</strong></span> <span class='ocrx_word' id='word_1_236' title='bbox 1394 3902 1579 4026; x_wconf 83' lang='lat' dir='ltr'>quibus</span> <span class='ocrx_word' id='word_1_237' title='bbox 1609 3901 1665 3996; x_wconf 80' lang='lat' dir='ltr'><strong>se</strong></span> <span class='ocrx_word' id='word_1_238' title='bbox 1696 3898 1840 3995; x_wconf 85' lang='lat' dir='ltr'><strong>Iudei</strong></span> 
     </span>
     <span class='ocr_line' id='line_1_31' title="bbox 316 4014 1837 4145; baseline -0.005 -26"><span class='ocrx_word' id='word_1_239' title='bbox 316 4046 432 4113; x_wconf 85' lang='lat' dir='ltr'><strong>cum</strong></span> <span class='ocrx_word' id='word_1_240' title='bbox 444 4019 590 4111; x_wconf 84' lang='lat' dir='ltr'><strong>armis</strong></span> <span class='ocrx_word' id='word_1_241' title='bbox 603 4014 916 4122; x_wconf 70' lang='lat' dir='ltr'><strong>defensionis.</strong></span> <span class='ocrx_word' id='word_1_242' title='bbox 948 4020 1225 4115; x_wconf 85' lang='lat' dir='ltr'><strong>coniunctis</strong></span> <span class='ocrx_word' id='word_1_243' title='bbox 1238 4016 1518 4119; x_wconf 85' lang='lat' dir='ltr'><strong>Christianis</strong></span> <span class='ocrx_word' id='word_1_244' title='bbox 1540 4048 1647 4113; x_wconf 92' lang='lat' dir='ltr'><strong>non</strong></span> <span class='ocrx_word' id='word_1_245' title='bbox 1664 4018 1837 4145; x_wconf 89' lang='lat' dir='ltr'>paucis</span> 
     </span>
     <span class='ocr_line' id='line_1_32' title="bbox 253 4132 1976 4277; baseline -0.002 -42"><span class='ocrx_word' id='word_1_246' title='bbox 253 4171 257 4179; x_wconf 88' lang='lat'><strong>·</strong></span> <span class='ocrx_word' id='word_1_247' title='bbox 314 4147 622 4262; x_wconf 80' lang='lat' dir='ltr'><strong>receperant.</strong></span> <span class='ocrx_word' id='word_1_248' title='bbox 652 4132 813 4236; x_wconf 79' lang='lat' dir='ltr'><strong>sintin</strong></span> <span class='ocrx_word' id='word_1_249' title='bbox 834 4134 976 4234; x_wconf 85' lang='lat' dir='ltr'><strong>breui</strong></span> <span class='ocrx_word' id='word_1_250' title='bbox 1000 4132 1098 4233; x_wconf 82' lang='lat' dir='ltr'><strong>diei</strong></span> <span class='ocrx_word' id='word_1_251' title='bbox 1120 4137 1281 4261; x_wconf 81' lang='lat' dir='ltr'>spacio</span> <span class='ocrx_word' id='word_1_252' title='bbox 1305 4150 1634 4277; x_wconf 83' lang='lat' dir='ltr'><strong>expungnata.</strong></span> <span class='ocrx_word' id='word_1_253' title='bbox 1666 4150 1717 4230; x_wconf 91' lang='lat' dir='ltr'><strong>et</strong></span> <span class='ocrx_word' id='word_1_254' title='bbox 1738 4149 1839 4231; x_wconf 90' lang='lat' dir='ltr'><strong>tam</strong></span> <span class='ocrx_word' id='word_1_255' title='bbox 1974 4208 1976 4213; x_wconf 84' lang='grc'>-</span> 
     </span>
     <span class='ocr_line' id='line_1_33' title="bbox 260 4248 1837 4378; baseline 0 -29"><span class='ocrx_word' id='word_1_256' title='bbox 260 4343 263 4349; x_wconf 13' lang='grc' dir='ltr'><strong>Α</strong></span> <span class='ocrx_word' id='word_1_257' title='bbox 316 4251 420 4378; x_wconf 85' lang='lat' dir='ltr'><strong>ipsa</strong></span> <span class='ocrx_word' id='word_1_258' title='bbox 456 4248 617 4346; x_wconf 81' lang='lat' dir='ltr'><strong>Castra</strong></span> <span class='ocrx_word' id='word_1_259' title='bbox 646 4280 795 4376; x_wconf 88' lang='lat' dir='ltr'><strong>quam</strong></span> <span class='ocrx_word' id='word_1_260' title='bbox 829 4251 972 4355; x_wconf 90' lang='lat' dir='ltr'><strong>Iudei</strong></span> <span class='ocrx_word' id='word_1_261' title='bbox 1004 4267 1055 4357; x_wconf 85' lang='lat' dir='ltr'><strong>et</strong></span> <span class='ocrx_word' id='word_1_262' title='bbox 1085 4252 1338 4356; x_wconf 83' lang='lat' dir='ltr'><strong>Christiani</strong></span> <span class='ocrx_word' id='word_1_263' title='bbox 1372 4249 1557 4351; x_wconf 87' lang='lat' dir='ltr'><strong>rbidem</strong></span> <span class='ocrx_word' id='word_1_264' title='bbox 1603 4250 1837 4349; x_wconf 84' lang='lat' dir='ltr'><strong>incendio</strong></span> 
     </span>
     <span class='ocr_line' id='line_1_34' title="bbox 310 4364 1837 4495; baseline -0.001 -32"><span class='ocrx_word' id='word_1_265' title='bbox 310 4370 584 4495; x_wconf 74' lang='lat' dir='ltr'><strong>perierunt</strong></span> <span class='ocrx_word' id='word_1_266' title='bbox 616 4382 668 4465; x_wconf 87' lang='lat' dir='ltr'><strong>et</strong></span> <span class='ocrx_word' id='word_1_267' title='bbox 690 4364 827 4495; x_wconf 93' lang='lat' dir='ltr'><strong>quod</strong></span> <span class='ocrx_word' id='word_1_268' title='bbox 856 4367 1034 4471; x_wconf 86' lang='lat' dir='ltr'><strong>durum</strong></span> <span class='ocrx_word' id='word_1_269' title='bbox 1068 4370 1132 4465; x_wconf 84' lang='lat' dir='ltr'><strong>est</strong></span> <span class='ocrx_word' id='word_1_270' title='bbox 1153 4368 1301 4475; x_wconf 84' lang='lat' dir='ltr'><strong>dictu.</strong></span> <span class='ocrx_word' id='word_1_271' title='bbox 1330 4370 1451 4467; x_wconf 88' lang='lat' dir='ltr'><strong>licet</strong></span> <span class='ocrx_word' id='word_1_272' title='bbox 1483 4368 1652 4467; x_wconf 89' lang='lat' dir='ltr'><strong>durius</strong></span> <span class='ocrx_word' id='word_1_273' title='bbox 1684 4370 1737 4465; x_wconf 86' lang='lat' dir='ltr'><strong>fit</strong></span> <span class='ocrx_word' id='word_1_274' title='bbox 1767 4368 1837 4465; x_wconf 55' lang='lat' dir='ltr'><strong>fa,</strong></span> 
     </span>
     <span class='ocr_line' id='line_1_35' title="bbox 321 4482 1837 4615; baseline 0.002 -37"><span class='ocrx_word' id='word_1_275' title='bbox 321 4498 417 4581; x_wconf 84' lang='lat' dir='ltr'><strong>cto.</strong></span> <span class='ocrx_word' id='word_1_276' title='bbox 476 4482 620 4589; x_wconf 91' lang='lat' dir='ltr'><strong>Iudei</strong></span> <span class='ocrx_word' id='word_1_277' title='bbox 641 4487 871 4587; x_wconf 86' lang='lat' dir='ltr'><strong>seniores.</strong></span> <span class='ocrx_word' id='word_1_278' title='bbox 912 4490 1161 4596; x_wconf 25' lang='lat' dir='ltr'><strong>timentes.</strong></span> <span class='ocrx_word' id='word_1_279' title='bbox 1179 4519 1244 4587; x_wconf 91' lang='lat' dir='ltr'><strong>ne</strong></span> <span class='ocrx_word' id='word_1_280' title='bbox 1288 4490 1432 4615; x_wconf 87' lang='lat' dir='ltr'><strong>pueri</strong></span> <span class='ocrx_word' id='word_1_281' title='bbox 1458 4503 1520 4584; x_wconf 82' lang='lat' dir='ltr'><strong>..et</strong></span> <span class='ocrx_word' id='word_1_282' title='bbox 1538 4487 1722 4585; x_wconf 79' lang='lat' dir='ltr'><strong>femine</strong></span> <span class='ocrx_word' id='word_1_283' title='bbox 1752 4487 1837 4581; x_wconf 86' lang='lat' dir='ltr'><strong>ba·</strong></span> 
     </span>
     <span class='ocr_line' id='line_1_36' title="bbox 309 4601 1858 4816; baseline 0.001 -119"><span class='ocrx_word' id='word_1_284' title='bbox 309 4680 316 4696; x_wconf 87' lang='lat'><strong>.</strong></span> <span class='ocrx_word' id='word_1_285' title='bbox 355 4604 493 4698; x_wconf 85' lang='lat' dir='ltr'><strong>tisma</strong></span> <span class='ocrx_word' id='word_1_286' title='bbox 514 4618 569 4698; x_wconf 90' lang='lat' dir='ltr'><strong>ut</strong></span> <span class='ocrx_word' id='word_1_287' title='bbox 591 4606 755 4816; x_wconf 56' lang='lat' dir='ltr'><strong>iim</strong></span> <span class='ocrx_word' id='word_1_288' title='bbox 776 4601 1048 4714; x_wconf 75' lang='lat' dir='ltr'><strong>euaderent</strong></span> <span class='ocrx_word' id='word_1_289' title='bbox 1069 4618 1308 4732; x_wconf 83' lang='lat' dir='ltr'><strong>peterent.</strong></span> <span class='ocrx_word' id='word_1_290' title='bbox 1340 4617 1427 4711; x_wconf 76' lang='lat' dir='ltr'><strong>e&#39;oa</strong></span> <span class='ocrx_word' id='word_1_291' title='bbox 1446 4606 1662 4733; x_wconf 83' lang='lat' dir='ltr'><strong>propriis</strong></span> <span class='ocrx_word' id='word_1_292' title='bbox 1683 4604 1858 4738; x_wconf 69' lang='lat' dir='ltr'><strong>mani·</strong></span> 
     </span>
     <span class='ocr_line' id='line_1_37' title="bbox 309 4632 2001 4934; baseline 0.002 -112"><span class='ocrx_word' id='word_1_293' title='bbox 309 4632 435 4822; x_wconf 60' lang='lat' dir='ltr'><strong>dus.</strong></span> <span class='ocrx_word' id='word_1_294' title='bbox 468 4734 584 4821; x_wconf 85' lang='lat' dir='ltr'><strong>ante</strong></span> <span class='ocrx_word' id='word_1_295' title='bbox 635 4721 879 4850; x_wconf 82' lang='lat' dir='ltr'><strong>eignibus</strong></span> <span class='ocrx_word' id='word_1_296' title='bbox 902 4720 1292 4934; x_wconf 40' lang='lat' dir='ltr'><strong>subigceruntet</strong></span> <span class='ocrx_word' id='word_1_297' title='bbox 1318 4722 1507 4851; x_wconf 75' lang='lat' dir='ltr'><strong>ipsimet</strong></span> <span class='ocrx_word' id='word_1_298' title='bbox 1524 4718 1856 4859; x_wconf 71' lang='lat' dir='ltr'><strong>postmodum,</strong></span> <span class='ocrx_word' id='word_1_299' title='bbox 1926 4734 1933 4741; x_wconf 83' lang='grc'>’</span> <span class='ocrx_word' id='word_1_300' title='bbox 1996 4754 2001 4779; x_wconf 70' lang='grc'><strong>·’</strong></span> 
     </span>
     <span class='ocr_line' id='line_1_38' title="bbox 752 4868 1866 4975; baseline 0.003 -37"><span class='ocrx_word' id='word_1_301' title='bbox 752 4915 761 4923; x_wconf 75' lang='grc'><strong>-</strong></span> <span class='ocrx_word' id='word_1_302' title='bbox 1012 4871 1191 4975; x_wconf 62' lang='lat' dir='ltr'><strong>»nv3</strong></span> <span class='ocrx_word' id='word_1_303' title='bbox 1708 4868 1781 4941; x_wconf 78' lang='lat' dir='ltr'><strong>tn·</strong></span> <span class='ocrx_word' id='word_1_304' title='bbox 1841 4930 1866 4969; x_wconf 64' lang='lat'><em>„</em></span> 
     </span>
    </p>
   </div>
   <div class='ocr_carea' id='block_1_12' title="bbox 0 0 2376 6067">
    <p class='ocr_par' dir='ltr' id='par_1_12' title="bbox 0 0 2376 6067">
     <span class='ocr_line' id='line_1_39' title="bbox 0 0 2376 6067; baseline 0 4"><span class='ocrx_word' id='word_1_305' title='bbox 0 0 2376 6067; x_wconf 95' lang='lat' dir='ltr'><strong> </strong></span> 
     </span>
    </p>
   </div>
  </div>
 </body>
</html>
