4742 6067
503 372 510 385 ’
587 394 632 457 η
1044 363 1102 474 ι,
1131 362 1539 472 cn-nourcou

650 574 783 675 Mn.
812 572 1024 697 Sanctus
1044 521 1214 669 aaran
1237 532 1806 714 archiepiscopatum
1856 568 2051 671 nnuc·

532 698 588 799 as
603 728 691 797 rex
715 710 765 790 et
788 690 1072 790 adalbertus
1087 690 1309 787 marcbro
1331 688 1662 818 pacificantur.
1961 753 1987 785 „

649 811 802 909 Msii.
842 800 1055 950 Sanctus
1080 806 1421 957 wolfkangus
1450 842 1480 904 a
1522 810 1689 929 sancto
1731 806 1884 907 leone
1919 840 2052 938 papa

480 992 489 1023 ν
530 924 1880 1187 ᾳωΙέἷᾝίΐὶθἓεξέἐὲυῗῗιξῖῗτὲἔὲῖῒὲἳηῖιᾙὲξτιῃ[εαξη
1912 1074 2053 1139 exer·
2139 1111 2142 1118 -

532 1170 638 1309 citu
655 1181 783 1295 petrt
803 1166 1029 1263 Leonem
1049 1195 1233 1304 papam
1256 1164 1419 1262 secum
1442 1158 1628 1261 ducens
1652 1163 1703 1258 dr
1723 1161 2053 1302 glorrofissime

531 1284 676 1394 redit
736 1284 875 1413 Papa
898 1285 1021 1424 Leo·
1042 1316 1139 1413 qu1.
1150 1283 1201 1378 dr
1226 1282 1388 1381 bruno
1410 1279 1811 1378 natalemcsnrsb
1835 1312 1946 1377 cum
1965 1310 2054 1375 nn·

530 1416 1216 1619 peraffirpfipogrppgpgsefigb
1251 1551 1384 1647 papa
1418 1516 1614 1617 comisso
1639 1518 1693 1613 in
1718 1516 1920 1659 appulia
1944 1546 2067 1613 cvm-

340 1700 342 1703 ·
531 1638 837 1743 Normannis
854 1638 904 1733 &
927 1668 1100 1735 eorum
1124 1622 1252 1735 duce
1274 1636 1508 1737 Roberto'
1525 1633 1764 1732 Giscardo
1784 1665 1925 1763 gram
1944 1664 2056 1765 pro·
2178 1774 2184 1789 ἰ
2269 1752 2280 1769 ,,
2333 1749 2338 1758 .

531 1762 605 1863 lio
629 1756 684 1853 fu
718 1789 802 1854 ere
830 1752 1159 1885 compellitur.

738 1876 803 1971 lv.
833 1872 1020 1971 Beatus
1035 1874 1119 1971 leo
1143 1904 1276 2003 papa
1300 1867 1535 1969 dormiuit
1558 1872 1610 1967 in
1633 1868 1808 1967 christo
1831 1871 1931 1970 xiii.
1955 1863 2055 1967 kal.

405 2026 411 2040 ·
534 1992 657 2211 pdai.
691 2022 923 2207 Frodffilo
958 1990 1132 2089 Victor
1165 1992 1252 2119 qui
1276 1986 1606 2087 Gebehardus
1627 1986 1936 2087 heichstensrs
1955 1988 2056 2118 epi·

558 2142 618 2209 co
656 2144 688 2207 n
729 2140 786 2205 or
825 2113 835 2133 ‘
877 2124 999 2203 atur.
1171 2144 1176 2158 ·

620 2146 835 2325 ΡΜΙνί(
851 2223 1156 2323 Adalbertus
1179 2224 1401 2323 marchio
1444 2222 1615 2323 austrie
1642 2223 1769 2323 obiit
1799 2240 1852 2320 et
1883 2221 2059 2321 Ernust

411 2468 415 2475 ι
536 2338 665 2467 filius
684 2343 790 2442 eius
807 2342 1032 2441 successit
1094 2342 1237 2443 Cino
1270 2341 1373 2439 dux
1406 2342 1622 2442 bawarie
1656 2343 1720 2439 ab
1756 2343 2057 2473 imperatore

539 2461 769 2596 expulsus
785 2463 838 2557 in
857 2462 1113 2589 pannonia
1138 2456 1255 2557 exul
1276 2463 1497 2558 moritur.
1549 2577 1687 2602 .....

655 2578 839 2680 mlvii.
880 2576 1147 2674 Heinricus
1171 2581 1240 2673 im
1277 2591 1443 2674 erator
1477 2578 1603 2677 obut
1636 2610 1703 2677 ur.
1733 2606 1851 2676 non.
1876 2575 2058 2677 Octob.
2157 2694 2165 2705 ¹
2288 2716 2293 2723 ἢ
2370 2678 2371 2695 p

430 2658 436 2665 .
538 2698 667 2806 fitius
691 2696 796 2794 eius
810 2695 1061 2791 heinricus
1076 2695 1216 2789 succe
1269 2709 1303 2787 t

328 2888 330 2897 .
467 2836 469 2842 '
561 2814 569 2825 “
658 2816 731 2912 M.
739 2802 859 2909 lviii.
901 2808 1167 2917 Heinricus
1192 2810 1396 2937 quartus
1432 2815 1660 2941 regnauit
1684 2815 1861 2921 'annos
1884 2814 2060 2911 xtviit

539 2935 714 3033 Victor
734 2960 867 3059 papa
900 2925 1037 3022 obiit
1066 2955 1159 3055 pro
1192 2956 1293 3054 quo
1327 2927 1612 3057 Stephanus
1626 2935 1712 3059 qui
1735 2948 1786 3031 et
1808 2931 2071 3030 fridericus

369 3072 372 3079 ·
541 3052 753 3181 eligitur.
814 3044 987 3186 Agnes
999 3044 1286 3172 imperatrix
1308 3045 1515 3177 suscepit
1537 3046 1769 3147 ducatum
1790 3051 2020 3149 bawarie.
2193 3072 2202 3081 ·

660 3164 882 3263 M.lvii1i.

270 3234 274 3249 ’
406 3248 410 3255 “
574 3323 579 3337 ·
661 3285 735 3381 M.
745 3282 811 3379 lx.
856 3278 1121 3379 Ordinatio
1158 3281 1458 3380 uenerabilis
1494 3237 1784 3387 Gebehardi
1821 3285 2063 3416 archiepi-

274 3506 370 3553 ··
536 3516 834 3645 nm.

537 3393 681 3533 scopi
705 3396 982 3499 ivuauensrs.
1874 3508 1879 3515 ,

488 3672 494 3679 ·
662 3636 735 3735 M.
746 3636 847 3733 lxn
877 3634 1048 3765 Agnes
1075 3641 1361 3781 imperatrix
1391 3640 1441 3736 dr
1476 3634 1783 3739 Guntharius
1811 3642 1991 3771 episco¹
2012 3638 2071 3737 us

544 3754 729 3891 predas
745 3754 795 3852 dr
818 3754 1051 3852 incendia
1072 3760 1125 3853 in
1148 3760 1363 3854 inuicem
1386 3762 1649 3887 exagitant
1710 3761 1951 3858 Heinricu
1993 3762 2062 3856 se·

546 3891 747 4009 paratus
760 3874 1032 3972 estamatre
1056 3874 1139 3974 sua
1161 3906 1295 3973 anno
1316 3878 1379 3971 vi.
1392 3878 1657 4019 regnieius.
1687 3878 1849 3975 Etatis
1863 3880 2063 3975 vero-xi.

539 4090 544 4097 .
666 3992 869 4089 Mlxiii.
900 3992 1162 4093 Heinricus
1189 4026 1282 4091 rex
1314 4012 1585 4091 exercrtum
1615 4000 1776 4093 mouit
1796 3999 1849 4092 in
1872 4026 2064 4126 panno·

381 4156 384 4167 ·
427 4136 430 4141 ’
547 4114 694 4211 niam.
757 4108 1158 4210 &Salomonem
1198 4137 1369 4243 regern
1403 4114 1660 4211 constituit.
1733 4111 2064 4243 federatisque

201 4306 206 4317 .
256 4232 264 4243 ’
348 4264 356 4275 ’
479 4215 515 4281 ’·
550 4228 780 4329 omnibus
798 4258 908 4324 cvm
925 4229 1111 4328 summo
1133 4232 1328 4329 honore
1350 4234 1628 4329 reuertitur.

572 4352 575 4359 ’
668 4346 741 4444 Μ.
753 4346 889 4443 lxnu
921 4344 1287 4479 Cedesmagna
1307 4346 1440 4446 facta
1461 4348 1527 4447 est
1546 4353 1598 4446 in
1652 4314 2066 4451 oslarensimona·

551 4464 694 4587 sterio
714 4465 940 4594 presente
962 4496 1080 4597 rege
1095 4467 1461 4598 &principibus
1466 4470 1578 4566 eius.
1669 4468 1773 4567 ulta
1793 4470 1925 4567 mala
1945 4484 2064 4567 tunc

551 4599 654 4685 tem
693 4582 792 4684 oris
807 4583 1071 4685 factasunt
1092 4588 1146 4683 in
1168 4602 1312 4683 terra

733 4702 854 4800 ‚lxu
883 4702 1149 4801 Heinricus
1163 4734 1254 4804 rex
1282 4704 1532 4803 accinctus
1548 4703 1615 4805 esi
1635 4702 1803 4841 gladio
1834 4733 2066 4959 armpnpe·
2164 4694 2168 4701 ’
