4742 6067
640 457 770 564 ¹8⁵,
955 440 1555 564 ¹mcuuorucou
1724 530 1729 539 ,
1868 367 1873 376 ,

697 652 769 747 Μ.
782 648 1108 749 CLXXXIII.
1164 624 1297 748 'Otto
1340 646 1448 743 dux·
1474 645 1690 743 bawarie
1735 642 1871 745 obiit
1919 648 2001 743 cui
2044 648 2092 744 fi-

270 852 279 883 ,
427 821 432 830 1
579 768 676 865 lius
701 771 807 864 eius
828 767 1103 865 ludewicus
1126 766 1352 863 successit
1413 766 1675 863 Heinricus
1708 764 1872 859 iunior
1901 795 1991 863 rex
2013 798 2093 861 an·

612 887 775 982 lorum
786 884 921 983 obiit.
943 880 1573 1012 KriilianusMogunciensrs
1587 882 1947 1009 arciepiscopus
1961 882 2095 979 obiit

617 1124 631 1144 ι
660 1000 876 1097 unradus
896 1001 1259 1214 Salzpurpensis
1282 1005 1366 1129 qui
1390 1001 1613 1129 primitus
1646 997 1717 1092 ibi
1746 998 1907 1095 suerat
1938 1001 2096 1095 succe·
2150 1077 2156 1091 .

581 1120 668 1217 drt.
707 1132 763 1215 et
784 1119 1021 1214 Albertus
1050 1119 1117 1215 Sa
1136 1118 1454 1246 zburgeusem
1488 1113 1738 1212 ecclesiam
1769 1114 1902 1211 uude
1933 1118 2096 1243 pulsus
2195 1220 2200 1227 ,

401 1344 410 1357 ,
515 1254 520 1263 “
582 1236 747 1334 suerat
767 1238 970 1362 recepit.
1028 1236 1236 1364 Hiemps
1253 1237 1519 1376 ,asperrima
1543 1228 1723 1328 eodem
1744 1263 1889 1328 anno.
2009 1259 2097 1336 Aua

566 1388 737 1461 uanus.
778 1352 1112 1481 Manegoldus
1132 1354 1396 1483 sveurgena
1417 1350 1568 1447 abbas
1589 1348 2098 1448 efficiturfraterDie·

583 1468 1035 1689 ppldiPatauiensrs
1057 1472 1285 1598 episcopi.
1345 1494 1453 1573 Inter
1508 1490 1534 1568 l.
1548 1513 1700 1570 manes·
1740 1468 1853 1565 Hoc
1875 1482 2102 1597 tempore

649 1602 702 1683 ta
721 1584 786 1680 est
806 1588 1073 1694 nobisvna
1096 1590 1245 1684 curtis
1269 1587 1403 1715 apud
1461 1586 1631 1682 irnich.
1693 1660 1695 1665 2

630 1720 636 1725 “
702 1703 775 1799 Μ·
790 1702 1150 1801 GLXXXIIH.
1177 1703 1328 1801 Curia
1350 1734 1528 1834 magna
1548 1703 1819 1845 Moguncie
1840 1732 1868 1797 a
1892 1702 2100 1800 Frideri·

586 1853 647 1919 co
678 1822 746 1916 im
783 1837 976 1917 eratore
1014 1820 1301 1917 celebratur.
1344 1824 1429 1917 ubi
1465 1820 1565 1916 duo
1596 1820 1682 1917 fihi
1715 1820 1858 1948 ipsius
1897 1820 2101 1917 accincti
2243 1917 2248 1930 ,

584 1940 697 2035 sunt
746 1854 911 2033 Iiadio.
953 1939 1216 2034 Heinricus
1257 1969 1359 2037 rex.
1396 1954 1452 2035 et
1483 1935 1739 2035 fridericus
1773 1938 1952 2035 sweuie
1988 1935 2101 2035 dux.

586 2057 702 2183 Apu
761 2052 1041 2151 Erfurdiam
1062 2085 1183 2151 vero
1206 2056 1412 2152 comites
1428 2054 1622 2153 nobiles
1649 2059 1701 2151 in
1724 2054 1947 2152 secessvm
1981 2058 2102 2151 anti·

626 2204 686 2267 ue
709 2171 881 2268 cloace
905 2170 1141 2267 cadentes
1157 2169 1220 2267 de
1248 2173 1482 2269 cancellis
1514 2173 1850 2271 miserabiliter
1882 2171 2104 2268 submersi

585 2207 709 2387 siunt
768 2288 1044 2415 Imperator
1063 2285 1341 2388 Fridericus
1364 2290 1499 2385 sexto
1524 2289 1715 2385 Italiam
1738 2287 2023 2418 ingreditur.
2055 2304 2105 2387 et

586 2439 702 2503 cum
732 2436 865 2532 papa
892 2405 1050 2502 Lucio
1076 2407 1277 2515 Verone
1322 2402 1495 2503 habuit
1527 2406 1844 2535 colloquium.
1903 2406 2107 2503 Beatrix

449 2644 454 2651 Ι
508 2531 511 2538 ’
590 2522 875 2663 imperatrix
899 2521 1035 2662 oliiit.
1151 2524 1390 2619 Albertus
1412 2523 1545 2663 bone
1559 2527 1795 2621 memorie
1820 2522 2115 2654 frisingense

586 2640 1009 2897 arcp-ppt
1074 2641 1638 2897 retuleran-
1657 2790 1748 2889 pr
1775 2757 2115 2887 qaum

589 2876 657 2972 iri.
707 2869 1068 2969 Andronrcust
1130 2901 1287 2971 annus
1309 2905 1471 3004 grecie
1497 2876 1740 2974 occubuit.
1836 2900 1925 2980 Atia
1953 2924 2109 2982 manus.

592 2992 705 3089 Hoc
731 3019 863 3084 anno
891 2990 1022 3086 misse
1041 2904 1151 3087 [gunt
1174 2993 1339 3089 littere
1363 2990 1556 3089 domini
1577 2995 1764 3091 Vrbani
1783 2996 1847 3092 iii.
1887 3029 2019 3125 pape
2044 2998 2107 3094 de

593 3108 800 3214 domino
823 3106 1134 3237 Manegoldo
1162 3106 1232 3206 de
1266 3111 1456 3228 sveuia,
1498 3122 1550 3207 et
1581 3110 1645 3209 de
1678 3112 1865 3211 Sancto
1896 3114 2107 3213 Georio.

594 3221 766 3321 nostris
788 3222 974 3320 electis.
1004 3227 1180 3322 vicinis
1203 3227 1421 3355 prelatis.

715 3337 788 3436 m.
804 3338 1163 3438 CLXXXVI.

628 3540 631 3545 .
786 3454 911 3551 Cum
932 3458 1187 3555 saluatoris
1201 3463 1448 3559 uenientis
1469 3462 1634 3561 transit
1656 3462 1716 3561 ab
1738 3464 1876 3563 horis

451 3585 456 3595 '
563 3675 567 3682 ,
784 3574 962 3713 Annus
981 3575 1226 3674 millenus.
1258 3596 1510 3677 centenus.
1533 3598 1585 3678 et
1598 3587 1919 3726 Octoagenus
2057 3582 2104 3691 ’,

750 3770 755 3777 ,
790 3690 1053 3818 Septnnus.
1084 3696 1138 3788 in
1158 3694 1255 3791 fine
1277 3698 1414 3794 Ivnii.
1446 3700 1604 3796 uincis
1616 3702 1835 3799 Salatme

786 3808 853 3902 Et
885 3808 1032 3902 seruit
1062 3808 1195 3908 sano,
1226 3816 1503 3913 ierosolima
1525 3832 1670 3945 capta
1691 3818 1919 3946 profano.

657 3982 662 3987 ·
691 3922 786 4063 ‚M
798 3923 849 4019 C
860 3923 1063 4021 LXXX
1074 3929 1180 4024 Vll.
1209 3930 1450 4030 Vrbanus.
1471 3936 1537 4031 iii
1567 3966 1699 4063 papa
1719 3937 1856 4036 obiit.
1888 3941 1966 4036 cui
1986 3938 2115 4038 Gre-

598 4072 764 4180 gprrus
784 4074 880 4161 vm.
900 4074 992 4182 qur
1022 4059 1074 4139 et
1104 4044 1341 4187 Albertus
1375 4050 1604 4151 successit
1645 4052 1729 4149 sed
1763 4054 2114 4156 consummatis.

598 4191 698 4255 vm.
729 4154 1020 4269 ebdomadrs
1037 4178 1094 4258 et
1127 4163 1324 4263 rsobut
1356 4172 1436 4265 cui
1459 4166 1690 4267 Clemens
1715 4175 1778 4269 ii‘.
1843 4175 2114 4274 tenestiuus

599 4276 761 4415 episco
799 4306 856 4369 us
865 4275 1101 4412 ,tuceeffic
1196 4282 1308 4379 Hoc
1330 4286 1382 4380 in
1404 4317 1537 4383 anno
1557 4286 1710 4386 flebili
1730 4208 1791 4387 ch
1814 4307 1914 4389 rcet
1930 4294 2115 4435 princi·

600 4423 687 4519 pro
710 4390 745 4487 S
798 4390 972 4490 adrnus
990 4426 1080 4493 rex
1099 4396 1464 4499 sarracenorum
1477 4419 1658 4500 terram
1680 4409 2113 4507 ierosolimitanam
2168 4432 2172 4442 “

602 4507 832 4604 omuibus
854 4540 987 4635 pene
1011 4511 1277 4614 christianis
1312 4521 1476 4619 occisis
1506 4552 1628 4617 occu
1664 4541 1728 4622 at.
1771 4528 1934 4624 sancta
1965 4558 2112 4626 cruce

602 4622 829 4764 abducta.
857 4645 912 4724 et
933 4661 1134 4847 fefie--·⁰²!
1170 4636 1343 4735 tiuato.
1438 4639 1601 4773 Eclyp
1619 4672 1660 4739 rs
1681 4642 1795 4742 solis
1816 4644 1948 4744 facta
1970 4646 2037 4743 est
2059 4648 2111 4744 'm

603 4740 824 4843 mendre.
855 4761 907 4845 et
926 4746 990 4845 sle
1032 4780 1060 4846 e
1084 4780 1116 4846 u
1154 4780 1182 4848 e
1206 4751 1328 4853 sunt
1573 4788 1602 4797 ··

1492 4972 1496 4981 .
1566 4874 2057 4983 mctxxxvnt
