4742 6067
791 434 1227 519 -naevra
1310 366 1380 507 ’.
1687 456 1776 555 ,φ

273 617 504 735 rum‘manu
531 662 600 727 aut
626 644 692 725 lub
720 645 880 723 illorum
908 644 1034 720 oeulis
1054 618 1265 736 exaratus,
1290 657 1400 725 certe
1426 646 1634 754 originalis
1663 654 1702 729 ἃ
1721 684 1796 742 au«

276 759 474 939 ghentipus
494 746 567 845 eit,
593 767 712 852 atque
731 750 783 825 ob
802 750 844 823 id
871 750 1014 824 ceteris
1042 747 1344 851 exemplaribus
1362 752 1553 829 omnibus
1575 758 1661 833 iure
1675 785 1790 861 pree·
1868 756 1873 765 “

296 885 391 937 eren
423 882 480 933 us.
601 884 603 890 ·
1078 899 1082 907 -

296 1142 300 1149 ,
471 1059 541 1137 111.
594 1056 772 1139 Primum
798 1059 933 1135 locum
958 1060 1000 1133 in
1027 1056 1157 1133 nostra
1184 1058 1424 1135 collectione
1451 1057 1531 1137 hoc
1560 1060 1795 1141 ChronIcon

283 1190 334 1243 ex
352 1166 492 1239 merito
513 1161 711 1263 deposcit,
739 1167 806 1262 qui
837 1188 889 1263 pe
910 1162 1017 1262 quod
1036 1162 1089 1235 ad
1115 1162 1367 1237 vetul'tillrma
1391 1162 1560 1242 historiae
1576 1166 1799 1243 Austriacae

280 1279 540 1365 monumenta
565 1267 750 1366 pertinet.
845 1290 912 1339 arn
939 1287 1031 1339 cum
1057 1266 1222 1345 remotis
1250 1262 1488 1357 Canonicis,
1516 1271 1637 1368 primi
1663 1268 1795 1351 Bene·

271 1370 420 1445 'dictini
438 1392 543 1443 anno
567 1394 679 1443 1111.
697 1368 749 1443 ad
767 1366 872 1443 hunc
891 1368 1027 1446 locum
1042 1366 1302 1443 incolendum
1319 1368 1455 1443 uocati
1472 1369 1612 1461 ellent,
1640 1374 1794 1472 prirnus

255 1468 472 1546 ,Chronici
490 1469 604 1545 huius
625 1472 869 1571 compilator
886 1472 969 1545 iam
989 1494 1093 1543 anno
1118 1486 1228 1556 1181.
1255 1468 1426 1545 scribere
1454 1472 1587 1561 deliit,
1615 1475 1725 1573 quod
1751 1477 1796 1551 in

279 1575 461 1677 margine
480 1574 533 1648 ad
550 1574 771 1649 indicatum
790 1598 939 1649 annum
955 1572 1017 1647 his
1035 1569 1170 1647 verbis
1189 1572 1425 1647 adnotatum
1442 1572 1522 1649 est:
1557 1583 1580 1617 “
1591 1576 1661 1653 boc
1688 1598 1794 1653 anno

278 1676 342 1757 ltcc
368 1674 527 1769 cronico
544 1674 699 1777 scripta
718 1668 807 1770 fuit
840 1672 982 1770 Gcrslso
1000 1682 1024 1716 “
1061 1668 1204 1775 &ipsa
1226 1675 1450 1769 litterarum
1474 1675 1609 1753 forma
1634 1665 1796 1753 ceterae-⁸

275 1799 358 1875 ,que
378 1790 482 1851 notae
499 1773 629 1851 saeculi
648 1773 740 1849 XII.
758 1773 1007 1874 scriptorem
1025 1778 1133 1855 clare
1152 1775 1432 1853 demonstrant
1468 1777 1571 1879 Quae
1587 1778 1795 1880 posthunc

279 1900 432 1952 annum
455 1876 602 1978 scripta
619 1878 822 1981 leguntur,
849 1890 928 1953 tres
953 1878 1133 1955 diversos
1159 1880 1384 1955 litterarum
1410 1879 1664 1964 characteres
1683 1880 1795 1957 exhi-

283 1977 398 2055 bent:
427 1980 530 2055 unde
549 1982 781 2055 coniectura
798 1978 988 2071 nascitur,
1007 1982 1186 2073 ,totidem
1204 1981 1382 2066 diversos
1409 1981 1525 2058 huius
1552 1984 1705 2059 codicis
1735 2008 1797 2057 us·

281 2078 433 2181 quead
452 2106 600 2157 annum
623 2106 733 2176 ¹247·
759 2107 850 2158 conr
882 2084 1045 2159 ilatores
1071 2083 1202 2173 fuille,
1231 2109 1331 2183 quos
1358 2109 1498 2161 omnes
1524 2111 1580 2160 ex
1606 2083 1797 2160 similibus
1889 2161 1895 2172 ,

281 2185 440 2259 indiciis
459 2184 589 2261 leculo
609 2110 917 2286 XIHTscriptllle
936 2182 1160 2306 persuasum
1178 2185 1334 2279 habeo,
1361 2211 1435 2262 nec
1463 2186 1602 2263 dubito
1631 2187 1799 2263 eosdem

284 2286 459 2361 coenobii
487 2283 696 2361 Garllensrs
723 2286 906 2361 alumnos
930 2288 1054 2363 luille.
1122 2288 1185 2363 Ita
1211 2292 1386 2362 enimin
1414 2290 1703 2365 celebrioribus
1728 2313 1799 2362 eo·

225 2426 231 2433 ·
283 2414 373 2463 rum
390 2402 620 2488 temporum
636 2388 881 2462 monalleriis
900 2387 965 2462 ulu
984 2390 1152 2465 evenille
1180 2414 1233 2461 ex
1258 2391 1428 2465 instituto
1448 2393 1623 2491 plurium
1641 2391 1799 2466 chroni-

287 2514 427 2567 corum
453 2488 639 2565 examine
667 2502 858 2591 apparet,
887 2502 929 2561 ut
953 2512 976 2562 e
1003 2487 1261 2591 peritioribus
1288 2504 1357 2564 aut
1383 2492 1703 2594 diligentioribus
1731 2515 1798 2565 eo·
1867 2497 1876 2507 “

284 2618 374 2669 rum
391 2594 535 2669 incolis
555 2595 621 2666 uni
639 2592 760 2669 alicui
779 2614 875 2665 cura
892 2592 1264 2681 commendaretur,
1290 2614 1354 2665 res
1381 2590 1436 2665 lui
1455 2595 1531 2667 evi
1553 2592 1799 2668 celebriores

284 2696 536 2785 adnotandi,
565 2692 605 2769 dt
632 2693 684 2769 ad
710 2693 955 2799 posterorum
982 2693 1224 2767 memoriam
1249 2692 1494 2769 membranis
1531 2693 1802 2769 inscribendi:

287 2796 429 2899 quibus
458 2798 605 2873 deinde
632 2810 701 2872 aut
726 2809 877 2885 morte,
905 2809 976 2871 aut
992 2795 1074 2869 alia
1098 2794 1217 2871 causa
1234 2793 1384 2870 abhoc
1412 2796 1548 2871 officio
1570 2797 1800 2872 decedenti·

286 2901 361 2977 bus
381 2902 450 2977 alii
468 2915 587 3001 atque
606 2901 675 2975 alii
692 2898 996 2977 sufficiebantur.
1048 2896 1191 2971 Annus
1214 2914 1323 2985 1248.
1351 2898 1418 2972 sub
1438 2899 1564 2973 finem
1575 2898 1665 2974 folii
1684 2922 1800 2998 quar-

288 3010 318 3083 ti
336 3010 377 3080 in
396 3006 472 3079 hoc
492 3006 633 3079 codice
653 2992 1030 3103 adscriptus,‘nulla
1052 2998 1216 3083 ,hiltoria
1233 3023 1356 3100 porro
1384 3000 1591 3100 sequente,
1627 3025 1709 3075 non
1729 2998 1801 3075 ob-

289 3112 397 3187 scure
415 3108 594 3181 indicare
614 3107 792 3195 videtur,
820 3102 1065 3204 propositum
1092 3100 1277 3191 adfuille,
1304 3100 1379 3179 bos
1407 3104 1573 3191 annales
1602 3104 1656 3178 ad
1674 3100 1801 3204 polte-

286 3218 415 3291 riores
434 3234 560 3285 anuos
588 3207 844 3283 extendendi.
899 3202 1046 3305 Quodsi
1074 3200 1287 3307 praestitum
1305 3204 1378 3295 est,
1404 3204 1506 3280 folia
1526 3206 1599 3278 illa
1617 3218 1685 3279 aut
1701 3218 1802 3278 tem·

288 3340 439 3421 porum·
460 3314 625 3403 iniuria,
653 3325 721 3385 aut
746 3310 828 3385 alia
856 3311 976 3409 culpa
1001 3306 1184 3383 interiille
1211 3305 1363 3381 necelle
1391 3306 1471 3399 eil,
1498 3332 1580 3382 non
1607 3306 1804 3381 mediocri

288 3422 430 3525 patriae
457 3416 624 3493 historie
644 3416 806 3495 damno.
859 3410 942 3486 Sed
968 3410 1054 3486 haec
1084 3410 1249 3512 quidem
1276 3410 1517 3485 coniecturae
1543 3409 1692 3483 limites
1720 3432 1803 3483 non

290 3526 501 3625 excedunt.

481 3725 554 3803 IV.
607 3724 793 3826 Nostrum
819 3724 890 3814 ell,
917 3716 1351 3824 Chronographorum,
1379 3744 1480 3821 quos
1506 3744 1592 3822 prae
1617 3716 1802 3795 manibus

176 3854 178 3859 '
289 3828 509 3919 habentus,
536 3833 680 3905 merita
707 3828 950 3927 expendere.
1004 3824 1166 3922 Itaque,
1195 3846 1442 3921 quamquam
1470 3821 1670 3926 prioribus
1688 3824 1809 3897 induo

291 3936 388 4013 striae
407 3938 447 4008 in
467 3932 707 4007 adnotandis
726 3954 861 4005 rerum
880 3924 1090 4003 eventibus
1108 3924 1274 3999 laudem
1291 3922 1464 3999 libenter
1481 3924 1680 4015 tribuam,
1704 3924 1805 3998 licea
1908 4000 1912 4007 ,

261 4115 270 4127 ,
290 4054 426 4114 tamen
447 4034 486 4110 δι
503 4036 650 4125 ieiuna,
677 4054 981 4130 nonnumquam
998 4028 1121 4102 etiarn
1139 4027 1270 4109 minus
1290 4040 1436 4102 exacta
1462 4026 1515 4103 est
1531 4026 1696 4101 illorum
1713 4024 1804 4101 leri·
1922 4038 1927 4048 '

292 4141 414 4216 bendi
433 4142 556 4227 ratio,
583 4137 690 4211 iniis
708 4136 934 4238 praecipue,
962 4155 1071 4231 quae,
1098 4127 1166 4203 vel
1193 4152 1219 4200 a
1244 4141 1450 4230 ternpore,
1475 4130 1543 4205 vel
1570 4154 1596 4202 a
1621 4130 1714 4205 loco
1742 4153 1803 4202 re-

291 4270 380 4319 rum
408 4255 589 4316 actarum
615 4240 873 4326 remotiores,
910 4230 1269 4308 commemoranda
1296 4230 1373 4305 elle
1401 4232 1662 4307 censuerunt:
1697 4230 1803 4306 unde

152 4414 158 4427 .
293 4372 363 4421 eos
383 4345 509 4420 multo
537 4356 606 4418 aut
630 4338 846 4444 ignoralle,
874 4351 943 4411 aut
968 4331 1132 4409 studiose
1159 4330 1316 4423 lrluille,
1343 4334 1523 4437 legentes
1551 4357 1599 4408 co
1629 4332 1803 4407 noscent

291 4448 340 4523 ld
357 4472 455 4539 vero
474 4446 613 4520 vitium
631 4467 736 4547 pene
756 4438 940 4516 omnibus
960 4440 1043 4512 eius
1062 4436 1190 4510 aetatis
1209 4430 1539 4539 Chronographis
1616 4433 1804 4525 onachis,

292 4574 315 4624 e
344 4549 496 4626 claullri
522 4546 640 4649 leptis
667 4569 759 4620 raro
786 4537 1156 4646 progredientibus,
1194 4533 1234 4610 ἃ
1259 4538 1300 4609 in
1319 4540 1548 4642 regularum
1575 4540 1837 4612 criticarum*

293 4655 357 4729 usu
378 4676 520 4755 parum
538 4651 721 4740 versatis,
750 4668 961 4722 commune
979 4638 1087 4715 fuille
1107 4640 1286 4729 videtur,
1313 4654 1432 4739 atque
1452 4642 1546 4714 inde
1572 4639 1804 4713 verolimili·

292 4770 353 4832 ter
378 4753 623 4889 profectum,
652 4752 759 4853 quod
786 4738 1242 4921 HermanniAantracti
1260 4740 1404 4841 stylum
1423 4740 1468 4818 &
1488 4740 1804 4917 Ιιίίὶοήῖηέῃὲεἰῐί·
