4742 6067
597 468 1479 568 CLAUSTRONEOBURGENSE.
1675 517 1757 597 up

287 686 536 827 numisma
576 684 820 827 ⁸Faustina
837 680 1041 815 Augusti
1055 690 1129 830 ‘pij
1152 688 1264 785 lilia
1345 688 1466 786 Erat
1488 704 1652 787 autem
1675 690 1802 791 Fau·

288 806 410 906 nina
440 804 542 901 nna
571 805 778 927 AntomJ
797 806 1048 943 ddum)
1078 810 1144 936 prj
1174 808 1499 945 imperatoris.
1551 810 1636 935 qui
1666 814 1803 950 ecpit

286 916 1803 1181 amandataspsaltpss⁰lltltaq⁰⁰laltl

286 1190 424 1256 anno
457 1155 653 1299 ansello
688 1156 854 1251 sancto
885 1152 1227 1295 lffeuucollen.
1288 1156 1642 1255 Wenczellaua
1675 1158 1804 1259 lilius

291 1277 502 1418 Otakan
530 1270 783 1403 quondam
809 1302 942 1487 regu
965 1271 1305 1385 Bohemorum
1335 1291 1389 1373 et
1418 1276 1554 1373 Guta
1575 1306 1701 1373 vxor
1720 1277 1804 1374 sua

287 1392 391 1491 filla
420 1389 863 1531 quondamRudol
939 1405 1047 1521 egis
1066 1424 1386 1496 romanorum
1402 1393 1563 1523 Frage
1587 1394 1805 1521 perMo·

356 1514 550 1609 utinum
558 1506 859 1637 archlepilco
896 1538 979 1605 um
991 1516 1330 1643 sollempniter
1339 1524 1656 1608 coronantur.
1685 1510 1804 1611 Pre-

286 1541 424 1772 ddgta
456 1659 578 1769 uero
613 1622 750 1722 Guta
777 1658 847 1757 po
885 1636 1304 1768 ,eoronacionem
1343 1659 1452 1769 non
1483 1628 1635 1756 plene
1667 1629 1805 1727 uixit.

285 1780 405 1869 ιιιιιι.
425 1744 557 1887 drea.
584 1743 745 1884 Frage
774 1758 981 1844 montur
1010 1769 1065 1851 et
1085 1747 1271 1887 ibidem
1293 1745 1537 1887 sepelrtup
1599 1744 1805 1889 'Eodem

287 1894 426 1963 armo
457 1858 756 1959 duedeenna
775 1862 949 1960 mensu
971 1871 1107 1993 Maii
1137 1861 1427 1963 Bomfacrua
1451 1882 1578 1986 vult*
1597 1894 1650 1961 ur
1669 1862 1807 1991 pala·

290 1985 550 2196 eiam
565 1979 789 2191 &ruffinum
811 1980 1016 2195 Plgtrttrtm
1037 1980 1431 2199 “Emffieffdugt
1454 1972 1711 2193 dorlrrinum
1732 1976 1806 2075 Ia·

289 2131 353 2197 co
408 2215 591 2312 Mccc.
619 2212 698 2309 Re
736 2129 1096 2321 uddtteeAdbnlfo
1109 2128 1443 2317 ἳοωεῗιείυηξ
1458 2128 1631 2345 ddgudn
1668 2128 1809 2313 nder·

291 2350 376 2433 tus
397 2330 500 2429 dux
518 2244 973 2433 aufuieb‘duciatus
995 2368 1087 2467 per
1106 2334 1344 2463 quosdam
1379 2334 1624 2429 electores
1647 2336 1808 2548 Impe-

271 2455 346 2575 ‘rij
377 2448 442 2547 de
472 2478 628 2578 regno
658 2446 1000 2551 Romanorum
1043 2451 1181 2581 quod
1213 2451 1300 2547 sub
1340 2452 1579 2577 regimine
1624 2482 1714 2577 pre
1738 2452 1809 2549 ati

13 2537 14 2544 Ν
291 2567 459 2668 Adolli
479 2564 713 2663 dicebam
731 2566 1069 2693 multiplieiter
1085 2568 1430 2665 deformatum
1488 2565 1726 2664 Ascendit
1745 2564 1811 2665 ad

81 2702 85 2710 '
329 2703 460 2783 artes
479 2680 1049 2900 reniinquadrapesrma
1077 2686 1164 2782 ubi
1186 2684 1316 2780 stetit
1347 2681 1510 2779 donec
1543 2682 1608 2779 ad
1637 2682 1810 2781 festum

331 2806 447 2945 ,cti
468 2801 704 2941 lobannis
722 2801 866 2929 bapti
903 2832 945 2901 e
1006 2805 1125 2952 Quo
1156 2800 1277 2898 festo
1305 2798 1525 2896 decurso
1556 2800 1811 2943 quoddam

292 2913 1811 3167 tatttssttttulttta‘lt¹ltqlt¹tllttlttttll

203 3254 211 3271 ,
292 3173 349 3253 et
376 3152 599 3285 prefatus
632 3152 870 3265 Albertus
902 3155 1250 3285 subsequenter
1279 3150 1350 3249 ell
1379 3155 1432 3249 in
1460 3182 1630 3281 regem
1651 3185 1813 3253 roma·

295 3302 473 3370 uorum
495 3270 698 3367 electus.
730 3286 783 3366 et
803 3273 963 3400 Aquis
987 3272 1146 3369 Grani
1166 3270 1508 3399 sollempniter
1525 3286 1811 3368 'coronatua

296 3386 491 3489 Eodem
512 3418 644 3484 anuo
666 3390 719 3484 in
738 3387 923 3485 eisdem
981 3392 1168 3487 artibus
1187 3386 1330 3486 Iudei
1354 3416 1466 3484 cum
1488 3416 1698 3516 corpore
1724 3384 1812 3482 do·

297 3510 433 3604 mini
483 3507 537 3601 in
558 3502 810 3631 quoddam
834 3510 921 3635 opi
957 3540 989 3605 o
1008 3507 1296 3639 Roetingen
1327 3506 1528 3601 nomine
1561 3501 1814 3632 quoddam

291 3654 446 3754 graue
478 3621 771 3719 maleficium
816 3627 1175 3721 commiserunt.
1264 3619 1410 3719 Vnde
1443 3619 1648 3833 puidam
1692 3622 1814 3717 ciuis

294 3740 531 3839 uenditor
561 3742 782 3836 earnium
814 3741 878 3837 de
911 3742 1047 3839 dicto
1080 3740 1235 3870 opido
1267 3738 1381 3834 zelo
1411 3737 1442 3833 ll
1480 3740 1527 3833 ei
1560 3736 1814 3834 christiane

293 3858 529 3955 aecensus
546 3859 758 3987 primum
781 3852 846 3952 ad
857 3859 990 3955 intus
1002 3860 1155 3987 volgo
1178 3855 1299 3953 dicti
1321 3852 1461 3982 opidi
1480 3856 1689 3995 puniuit
1739 3856 1814 3949 Iu·
1890 3866 1895 3873 '

227 4022 233 4029 ·
299 3976 425 4072 deos
448 3988 678 4072 auctores
700 3972 821 4072 dicti
841 3974 1080 4099 maleficij.
1120 3972 1303 4071 deinde
1328 3970 1556 4071 adunatis
1588 3970 1671 4069 libi
1694 3972 1816 4067 mul·

300 4097 364 4191 tis
384 4090 637 4223 peditibus
667 4109 719 4189 et
752 4094 1000 4221 equitibus
1033 4122 1244 4221 quorum
1277 4092 1496 4187 omnium
1527 4092 1815 4219 capitaneus

299 4210 394 4307 fuit
422 4213 563 4307 uenit
581 4212 653 4309 -W
652 4208 890 4307 irzburch·
909 4210 959 4307 N
961 4209 1250 4308 uernbercb.
1282 4204 1417 4305 etad
1444 4206 1566 4305 alias
1590 4210 1817 4303 ciuitates

299 4330 468 4458 plurea
509 4342 563 4425 et
594 4325 744 4454 opida
773 4328 860 4425 ubi
903 4329 1223 4426 morabantur
1264 4322 1400 4435 iudei
1441 4321 1726 4421 inducendo
1758 4354 1817 4419 ae

300 4448 450 4543 etiam
480 4443 832 4571 compellendo
864 4448 999 4542 ciues
1033 4476 1206 4543 eorum
1236 4440 1372 4572 quod
1395 4440 1481 4539 nbi
1510 4438 1820 4539 tradiderunt

176 4602 186 4616 ’
300 4560 477 4659 iudeoa
489 4560 553 4657 ad
578 4562 908 4659 cremandum
947 4564 971 4658 I
1007 4562 1266 4701 lorumque
1278 4558 1540 4657 iudeorum
1561 4558 1686 4655 nulli
1706 4590 1820 4689 par·

298 4710 421 4777 oens
446 4678 730 4777 condicioni
760 4682 882 4777 etati
915 4595 1006 4775 ud
1031 4680 1167 4776 sextu
1231 4679 1341 4774 lura
1370 4677 1506 4773 milia
1537 4706 1817 4773 concrema·

302 4800 387 4931 trit
498 4798 632 4923 Quia
670 4828 791 4895 vero
821 4794 1046 4929 prefatus
1086 4826 1179 4931 per
1200 4810 1374 4898 ecutot
1419 4791 1680 4895 iudeorum
1717 4796 1818 4933 ,hec

482 4976 485 4983 ·
1596 4940 1762 5011 omnm
