4742 6067
779 433 1316 568 reomau-uuam*
1499 538 1502 545 ·
1663 494 1792 588 caui

181 694 189 703 ’
267 694 334 787 rit
359 693 416 785 in'
447 689 536 786 illo
580 688 755 787 ordine
785 722 933 819 quem
972 719 1076 785 non
1109 690 1387 816 oportuerit
1416 690 1545 785 abne
1580 718 1662 785 are
1686 664 1788 785 ihe-

88 904 95 912 .
195 846 207 871 ·
271 810 375 906 suun
407 808 644 907 christum.
681 823 737 905 ct
764 814 982 935 expuere
1011 809 1063 901 iu
1090 810 1375 949 ymaginem
1405 812 1532 951 cruc’
1569 810 1633 904 xi.

388 1066 439 1145 in
462 1066 648 1165 mnne.
696 1040 894 1139 Eodem
931 1064 1067 1138 'anuo
1110 1038 1793 1171 ordinem·=Subdyucouutuc

270 1160 590 1289 pentecosten
623 1162 802 1285 recepi
861 1157 1209 1263 Eodemanno
1233 1156 1791 1301 in.Conceptione··bea·
1834 1188 1841 1195 ·

195 1378 200 1383 ,
272 1294 324 1375 te
345 1279 547 1404 uirginis
582 1277 875 1402 beneficium
906 1277 961 1369 in
992 1275 1294 1402 Gruenpach
1318 1306 1506 1404 recepi
1544 1318 1548 1334 ·
1594 1273 1794 1371 Eodem

273 1426 406 1495 auno
438 1395 675 1493 obsessum
712 1393 778 1491 est
807 1393 1023 1498 Castrum
1055 1392 1106 1489 N
1108 1396 1412 1525 eunburg'um
1454 1424 1484 1493 a
1515 1392 1664 1491 Duce
1699 1392 1791 1491 Ot·
1877 1522 1883 1533 μ

272 1529 394 1627 tone
418 1511 632 1609 Baburie
674 1528 729 1611 et
762 1510 991 1611 dirutum.

277 1814 285 1830 ·
327 1837 332 1846 .
390 1746 588 1863 Eodem
620 1778 756 1844 anno
790 1745 924 1843 idem
954 1745 1183 1843 dominus
1219 1700 1352 1876 napa
1381 1693 1618 1846 Armenio
1658 1760 1712 1845 et
1744 1778 1792 1869 a»
1842 1820 1848 1829 ,

269 1868 353 1995 pri
393 1866 468 1989 (a)
505 1866 679 1993 regnis.
710 1897 807 2078 {ue
841 1895 972 1961 nunc
1008 1865 1372 1961 sarracenorum
1402 1866 1667 1962 incursibus
1696 1862 1798 1961 srec-

273 1998 488 2113 queuter
517 1980 718 2082 molesla
752 1998 908 2079 antur.
938 1982 1115 2079 volens
1128 2064 1134 2071 .
1149 1982 1427 2079 succurrere
1465 2014 1568 2111 que
1598 1982 1794 2080 facilius
1823 1996 1826 2003 ’
1997 1986 2001 1993 ’

272 2116 407 2199 terra
426 2100 593 2197 sancta
612 2102 666 2197 in
686 2097 902 2195 futurum
923 2102 1212 2225 recuperari.
1224 2100 1380 2226 posset
1400 2132 1491 2228 per
1511 2099 1795 2231 Magistrum

273 2234 329 2315 et
371 2216 549 2317 batres
590 2216 1089 2313 lerosolimitanenses
1121 2217 1273 2313 sancti
1306 2218 1557 2313 lobannis
1597 2217 1795 2359 adipso

264 2368 328 2436 ,re
363 2367 429 2439 na
458 2332 714 2439 mandauit
744 2332 976 2462 generale
1009 2332 1280 2459 passagium*
1302 2332 1576 2451 instaurari,
1609 2334 1796 2431 cbnsli·

265 2366 400 2558 nobs
430 2452 761 2580 ›per-moen·
780 2451 1057 2547 uniuersum
1085 2480 1176 2545 eos
1209 2452 1268 2547 'in
1309 2452 1407 2555 boo
1439 2454 1649 2579 negocio
1681 2480 1796 2593 pro·

274 2570 606 2671 mouentibus¹
625 2568 841 2668 diuersas
937 2569 1068 2662 aclas
1095 2582 1176 2661 et
1215 2564 1356 2664 indul
1391 2571 1559 2666 encias
1584 2569 1796 2699 largien-

272 2688 358 2789 do.
437 2686 594 2785 Tunc
630 2686 831 2813 quidam
896 2686 1122 2811 ruitaturn
1148 2698 1204 2780 et
1235 2716 1268 2781 o
1303 2688 1352 2812 p'
1394 2717 1534 2783 orum
1563 2718 1655 2814 per
1676 2688 1796 2783 Ale-

270 2807 525 2906 manniam
554 2804 766 2932 parasiti
775 2805 1041 2900 sectatores
1054 2804 1171 2917 otii,
1200 2718 1307 2929 poll
1330 2803 1626 2931 dilapidatus
1659 2805 1796 2901 subeo

270 2954 355 3021 ras
386 2923 464 3048 (b)
497 2938 549 3019 et
573 2951 684 3017 cum
703 2922 801 3018 illis
823 2920 1141 3064 agricultores
1152 2921 1384 3038 sutores,
1413 2921 1536 3049 pelli
1571 2925 1716 3023 erarii
1746 2938 1798 3021 et

204 3092 211 3105 ,
272 3042 362 3139 alii
391 3037 647 3141 manuales
679 3042 907 3165 operarii.
937 3053 1115 3133 omnes
1142 3039 1300 3136 miseri
1331 3056 1384 3135 et
1404 3072 1518 3135 men
1559 3042 1619 3136 'ci
1650 3057 1708 3137 et.
1723 3041 1797 3136 in·

264 3156 432 3267 ualidi
461 3156 568 3263 insti
600 3171 715 3259 ante
749 3157 879 3256 seut
898 3152 1308 3285 credituriniquo
1337 3174 1390 3288 et
1411 3156 1534 3259 dece
1571 3172 1680 3255 tore
1706 3158 1795 3286 spi·

262 3278 372 3376 -ritu
405 3188 894 3414 crucejbgnauerunt
918 3276 981 3371 se
1012 3272 1153 3399 ipsos
1194 3291 1246 3372 et
1287 3276 1432 3371 armis
1463 3190 1673 3403 quilibet
1691 3306 1794 3404 ‚pro

261 3472 265 3481 .
313 3392 408 3505 osse
439 3391 529 3497 suo
553 3394 603 3500 se
635 3407 977 3506 muniuerunt,
1030 3390 1174 3487 etsrc
1204 3391 1268 3490 de
1293 3393 1504 3521 singulis
1528 3395 1654 3489 locis
1685 3426 1796 3489 cum

261 3425 470 3638 bngulis
495 3509 619 3607 locis
634 3509 946 3637 sepulchrum
969 3504 1274 3607 dominicum
1294 3512 1606 3638 preferentes
1628 3512 1795 3638 ibique

275 3627 450 3725 armati
489 3641 546 3724 et·
578 3657 722 3723 cruce
766 3626 936 3754 signati
979 3622 1279 3723 incedebant
1319 3660 1413 3725 nec
1448 3627 1797 3840 relinauebant
1906 3686 1908 3689 -

264 3746 444 3843 ,locum
478 3742 859 3871 quamtumlibet
891 3739 1133 3841 abditum·
1153 3745 1238 3841 uel
1261 3744 1580 3840 :humilem-a
1649 3774 1800 3873 quem

263 3893 399 3975 nou·
415 3864 654 3973 uerureut
684 3875 935 3987 tamquam
963 3860 1016 3961 in
1051 3872 1182 3989 terre
1207 3862 1368 3957 sancte
1393 3860 1648 3958 subsidium
1663 3865 1795 3990 peti·
1831 3910 1835 3919 ·

275 3983 371 4076 tari
399 3980 506 4102 (c).
549 3976 798 4103 ita-quod
841 3972 1091 4116 intertium
1119 4008 1220 4075 vno
1254 3979 1334 4077 die
1367 3980 1419 4075 in
1452 4009 1551 4077 vno
1582 3982 1699 4077 loco
1732 3978 1797 4075 ad

263 4100 438 4194 minus
467 4094 594 4212 due‚·
624 4093 892 4201 interdum
914 4127 960 4191 x.
987 4093 1239 4191 interdum
1271 4130 1349 4194 xre
1392 4113 1591 4194 caterue
1623 4098 1798 4195 talium

253 4212 597 4342 “apparebant
639 4229 679 4321 a'
702 4213 896 4309 clericis
938 4212 1094 4334 laycis
1131 4245 1255 4343 ymo
1300 4231 1350 4312 et
1382 4214 1674 4311 Iudeisnon
1695 4232 1799 4311 tam

261 4345 508 4458 ,petentes
539 4362 687 4461 quam
708 4332 760 4427 vi
792 4340 1147 4455 extorquentes
1164 4332 1521 4429 -elemosrmum
1610 4334 1694 4427 De
1722 4335 1798 4435 lu.-

265 4448 386 4565 .deis
418 4448 695 4661 sffiecialiter
719 4444 971 4551 asserendo
1038 4446 1140 4543 uod
1169 4480 1261 4576 per
1283 4450 1507 4545 statutum
1540 4450 1797 4577 imperiale

130 4595 134 4603 ’
272 4596 371 4710 pro
396 4566 447 4694 ip
481 4600 505 4673 s
534 4569 589 4666 in
608 4565 834 4703 fauorem
855 4580 984 4664 terre
1093 4580 1171 4666 cte
1195 4566 1543 4668 introductum.
1575 4566 1638 4671 de
1661 4596 1798 4664 nouo

848 4679 1102 4811 0ng
1279 4772 1284 4779 .
1635 4688 1757 4813 pos··

390 4946 450 5055 (a.
475 4950 516 5031 b.
542 4879 599 5061 cl)
648 4952 712 5038 ua
737 4951 894 5039 Codex.
