4742 6067
120 390 124 399 ¹
248 466 252 473 ·
439 460 441 465 ·
614 494 670 581 33
1085 438 1119 545 1‘.
1171 439 1594 587 cunonrcon·

566 678 774 777 ditaret
798 662 1013 801 apuliam
1032 668 1143 765 vice
1165 664 1409 796 patrissui
1428 662 1647 763 friderici
1680 664 1746 760 im
1782 650 1990 761 cratoris
2004 692 2086 795 re·

564 799 648 929 gio
680 790 827 891 titulo
861 788 989 885 susce
1027 788 1078 883 it
1121 782 1347 883 ciuitates
1372 782 1587 910 quedam
1616 782 1733 879 sicut
1746 696 2005 910 lleapolis
2030 798 2087 879 et
2168 914 2180 923 ὀ

566 916 663 1012 alie
689 906 904 1040 quedam
922 920 977 1001 re
994 904 1191 1005 rstentes
1213 954 1273 975 -
1302 898 1386 997 sed
1410 906 1431 1028 (
1442 926 1572 1033 parua
1595 903 1760 1026 tamea)
1791 900 2082 1040 comproba,

566 1034 641 1129 uit
670 1027 837 1157 qualis
874 1021 1115 1122 delicatus
1149 1023 1311 1119 exitus
1343 1039 1517 1121 eontra
1548 1020 1772 1118 iustitiam
1838 1035 2083 1116 otentrum

566 1150 753 1367 {duent
767 1166 923 1287 cumn
942 1141 1106 1265 vata.)
1145 1140 1274 1237 Item
1304 1134 1562 1243 fridericus
1587 1138 1782 1238 iuuenis
1802 1052 1934 1235 llius
1958 1134 2088 1266 regis

252 1300 256 1311 ·
402 1246 424 1372 ⁵.
605 1296 758 1365 enncr
780 1294 832 1359 m
853 1260 1018 1404 apulia
1037 1260 1244 1357 moritur
1273 1270 1388 1377 vta
1419 1256 1707 1386 quibusdam
1732 1257 1753 1377 (
1764 1256 2085 1383 desummo.)

641 1382 758 1479 ..Nl
772 1378 917 1479 colu.
959 1376 1086 1475 Bela
1103 1404 1202 1473 rex¹
1216 1378 1320 1473 hun
1353 1378 1453 1472 arie
1487 1374 1739 1473 confilium
1773 1390 1826 1470 et
1843 1373 2083 1494 auxilium

567 1500 693 1599 tvlit
723 1515 781 1595 ut
806 1528 895 1595 rex
913 1497 1067 1594 ruscie
1126 1496 1179 1590 ui
1201 1526 1300 1622 epu
1356 1496 1512 1623 ipsum
1533 1508 1652 1590 tunc
1676 1491 1921 1635 degebat,
1949 1489 2086 1629 forsr3

569 1636 657 1715 tan
678 1617 824 1713 asnis
839 1614 1048 1731 eiectus,
1141 1611 1405 1711 erdrudem
1432 1610 1639 1711 viduam·
1665 1609 1804 1707 duns
1824 1608 2084 1705 hermannr

571 1734 778 1833 duceret
795 1737 850 1831 in
869 1764 1079 1831 uxorem
1098 1748 1153 1832 vt
1177 1762 1241 1826 ex
1259 1730 1355 1828 hoc
1378 1732 1479 1857 ipse
1500 1750 1593 1825 rex'
1613 1728 1821 1827 ducatus
1832 1726 2007 1856 austrie
2032 1743 2086 1823 et

517 1902 520 1907 ·
571 1854 739 1982 Styrie
760 1850 848 1947 libi
865 1851 1022 1979 posset
1042 1850 1209 1947 iustius
1234 1848 1496 1949 vendicare
1532 1845 1619 1942 sed
1643 1853 1774 1976 quia
1789 1846 1972 1967 iudicia
2001 1846 2086 1941 dei

571 1970 747 2069 abissus
763 1969 921 2065 multa
943 1984 995 2063 et
1014 1968 1169 2065 horno
1190 1969 1375 2094 cogitat
1394 1963 1521 2065 deus
1536 1978 1727 2063 autern
1749 1966 1972 2081 ordinat,
1989 1990 1996 2004 '
2011 1968 2090 2096 ip·

573 2090 677 2184 sum
699 2086 1067 2183 matrimonium
1101 2084 1166 2179 est
1201 2086 1490 2181 conuersum
1521 2082 1741 2181 breuiter
1758 2088 1826 2180 'in
1861 2084 2087 2181 derisum

571 2204 704 2307 Nam
726 2203 861 2301 idem
884 2233 973 2299 rex
991 2202 1169 2310 Ruscie
1191 2200 1344 2299 statim
1366 2203 1550 2298 auxilio
1573 2206 1707 2330 regis
1727 2204 1968 2333 hungarie
2001 2199 2086 2339 de?-

573 2321 768 2421 stitutus
778 2318 913 2418 redit·
942 2316 1008 2415 ad
1028 2321 1113 2415 sua
1134 2351 1293 2422 vxore
1325 2321 1410 2415 sua
1442 2336 1541 2418 tam
1579 2350 1693 2415 uam
1724 2321 1885 2441 uidua·
1909 2318 2089 2441 dereli-
2123 2330 2142 2347 ’“

577 2455 658 2540 cta
714 2439 934 2535 resertim
957 2468 1068 2533 cum
1091 2436 1394 2535 Premizlaus
1404 2434 1520 2554 ‘dict
1589 2438 1840 2535 otakarus
1869 2437 1998 2533 silius
2011 2446 2092 2531 re·
2152 2542 2162 2551 ,
2251 2501 2257 2507 -

573 2558 649 2687 gis
666 2472 864 2655 iocmie
888 2570 1068 2651 terram
1092 2554 1263 2651 austrie
1288 2556 1562 2682 occupasset
1582 2562 1635 2651 'et
1690 2588 1746 2652 er
1763 2547 2093 2652 consiliumet

575 2672 814 2774 auxilium
841 2672 1093 2767 alberonis
1110 2670 1174 2766 de
1190 2672 1502 2799 Chunringe,
1534 2675 1626 2767 ini
1683 2674 1928 2770 erioribus
1944 2688 1999 2768 et
2015 2670 2092 2787 su*¹

574 2790 858 2930 perioribus
875 2787 1093 2884 eiusdem
1116 2803 1247 2883 terre
1273 2790 1500 2916 partibus·
1523 2793 1619 2894 iam
1642 2808 1884 2923 regnaret
1944 2791 2015 2885 lta
2039 2806 2092 2883 es
2153 2802 2163 2813 “’

575 2940 679 3003 nrm
701 2906 946 3033 sapienter
966 2920 1018 3001 et
1038 2903 1222 3001 blande
1245 2906 1530 3002 muneribus
1557 2923 1609 3003 et
1632 2908 1870 3035 promiffil
1895 2907 2095 3005 nobiles
2130 2920 2156 3018 j
2358 2958 2362 2965 .

575 3024 864 3139 inclinauit,
893 3020 1031 3151 quod
1054 3024 1278 3131 civitates
1293 3039 1346 3121 et
1367 3023 1514 3123 castra
1538 3026 1634 3125 stne
1656 3056 1905 3122 armorum
1926 3025 2014 3149 stre
2053 3027 2091 3145 ia
2133 3044 2136 3047 ’

574 3152 632 3236 tu
657 3138 955 3269 dediderunt
973 3140 1021 3237 se
1044 3142 1217 3239 illi.‘vt
1247 3171 1357 3239 non·
1383 3142 1501 3239 esset
1534 3144 1745 3272 angulus
1772 3145 1987 3271 qui'eius
2038 3175 2093 3238 o·
2131 3224 2170 3269 ,1

571 3260 780 3361 minium
805 3254 1360 3401 aliqualiterrecusaret
1391 3263 1516 3358 Otto
1531 3259 1633 3357 dux
1641 3262 1857 3401 bawarie
1870 3264 2093 3358 moritur.
2148 3284 2153 3289 ’

693 3376 766 3489 M.
779 3378 945 3473 celui.
975 3379 1226 3477 Otalrarus
1250 3380 1467 3475 marchio
1489 3378 1721 3477 Moraure
1755 3382 1853 3473 iam
1885 3374 2103 3477 venatus
2144 3393 2160 3409 “

401 3584 407 3595 ,
576 3496 782 3629 gratiam
807 3492 947 3591 ducis
974 3494 1149 3591 austrie
1168 3496 1503 3641 Margaretanr
1516 3497 1888 3637 viduamregis
1909 3490 2093 3607 heinri·
2159 3576 2173 3593 r

494 3652 496 3657 ·
579 3614 624 3709 ci
646 3610 795 3721 filiam
809 3608 949 3709 ducis
962 3610 1338 3739 leupoldiducrt
1358 3622 1565 3711 uxorem
1586 3615 1774 3757 nuptias
1788 3614 2094 3756 apudhei'm-

360 3834 366 3842 ,
476 3782 484 3811 =
575 3726 927 3841 burch'sollem
998 3734 1093 3827 iter
1127 3730 1393 3829 celebratis.
1434 3730 1774 3831 'Prcsennbus‘
1792 3736 1875 3829 111i.
1907 3737 2095 3862 episco-

569 3846 655 3975 pis
669 3846 924 3945 chunrado
956 3848 1193 3978 risingensr
1213 3847 1766 3979 Perhtoldopatauiensr
1796 3905 1819 3930 ·
1845 3905 1866 3930 ·
1895 3906 1918 3931 ·
1944 3906 1964 3929 -
1993 3852 2095 3968 Ra·
2172 3850 2182 3861 “

383 4006 386 4015 ·
577 3966 642 4063 tis
671 3964 837 4061 onenli
861 3982 912 4063 et
931 3964 1171 4067 Brunone
1195 3967 1476 4065 -Olmucensr
1498 4000 1593 4064 nec
1618 4000 1723 4066 non
1747 3970 1978 4065 omnibns
2002 4002 2111 4068 no-.
2167 4050 2171 4060 .

575 3998 761 4220 billius
774 4080 950 4225 austrie
974 4098 1026 4179 et
1045 4083 1193 4180 Stirie
1219 4116 1384 4224 eoram
1406 4086 1584 4225 quibus
1602 4089 1704 4213 ipsa
1723 4084 1873 4227 vidua
1892 4090 2097 4214 priuile·
2121 4092 2142 4189 f
2171 4080 2185 4222 f

628 4233 657 4295 a
679 4215 810 4315 terre
834 4215 1008 4298 manto
1029 4201 1415 4300 suoexhrburtet
1437 4205 1516 4297 rus
1530 4206 1669 4299 suum
1691 4203 1775 4300 srbr
1785 4206 1971 4305 tribuit
2001 4207 2096 4304 sol·

467 4350 474 4357 ·
599 4319 855 4442 empniter.
884 4316 1031 4413 nullo
1049 4319 1250 4447 penitus
1259 4322 1313 4414 in
1334 4324 1634 4418 'contrarium
1655 4323 1918 4465 allegante
1968 4326 2133 4423 Item·

578 4433 810 4531 dominus
834 4466 963 4576 papa
996 4437 1318 4543 Innocentius
1341 4468 1423 4533 un
1448 4482 1452 4487 ·
1474 4469 1586 4535 cum
1630 4440 1853 4567 predreta
1893 4442 2130 4565 domina

579 4548 886 4677 dispensaurt.
936 4568 993 4649 ut
1026 4558 1143 4682 quia
1184 4555 1439 4683 religionis
1475 4556 1700 4655 habitum
1731 4560 1869 4687 prius
1891 4560 2106 4660 viduata·

303 4760 308 4770 ,
365 4730 366 4735 ¹
431 4764 465 4785 ,,
572 4662 844 4794 sumpserat
860 4687 1064 4798 propter
1088 4673 1275 4777 bonum
1293 4662 1431 4799 pacis
1444 4688 1497 4769 et
1515 4690 1754 4773 terrarum
1775 4675 2100 4783 commodita·

576 4798 797 4885 lemnon
810 4786 1027 4891 obstante
1048 4792 1363 4901 matrimonio
1382 4792 1546 4893 libere
1559 4810 1804 4895 uteretur..
1833 4796 1960 5013 [glearln
1970 4796 2097 5014 W[il‹

1059 4962 1064 4973 x
1613 4952 1616 4958 ·
1687 4941 1722 4966 ··
1937 4946 2020 5014 mu
