4742 6067
745 382 1256 511 rroarnnsrs'n.
1423 414 1445 483 ι·
1564 470 1567 477 ⁴
1672 460 1740 534 231

275 618 487 727 nostrum
520 619 1213 753 iam'veneruntyad'terram
1254 618 1496 748 sanctam,
1540 628 1624 759 qui
1656 632 1846 731 dim-⁶
1941 738 1943 750 Α

274 760 446 847 cantes
477 780 588 847 cum
600 750 884 867 Sarracenis
914 783 1016 849 vno
1046 752 1184 848 bello
1220 752 1473 879 campestri
1502 754 1652 875 vitam
1676 751 1796 877 ¹glo·

274 867 402 962 rioso
433 872 672 994 martyrio
703 862 1000 989 liniuerunt“
1058 872 1126 981 Et
1155 870 1285 965 inter
1314 866 1470 964 multa
1500 868 1647 994 miliat
1665 872 1797 965 occi·

272 983 435 1081 sorum
447 986 511 1082 de
522 986 694 1083 nostris
707 1016 813 1087 nou
826 1002 933 1083 erat
961 1015 1112 1083 vnum
1144 1016 1325 1113 corpus
1356 984 1494 1113 quod
1517 1016 1619 1083 non
1644 990 1807 1131 nigro,

273 1099 516 1201 Condato-
532 1136 682 1201 aurea
709 1131 856 1213 cruce
886 1107 1076 1201 intexta
1106 1102 1315 1233 desuper
1345 1104 1456 1201 celo
1487 1096 1622 1224 misso
1652 1136 1795 1225 mna·
1845 1146 1850 1164 =

272 1220 437 1318 culose
468 1224 586 1319 esset
605 1221 842 1319 vestitum
901 1221 1047 1320 Vnde
1060 1221 1591 1327 'sndisserenterflnobis
1604 1220 1681 1317 est
1710 1223 1794 1321 uel

272 1332 354 1432 hic
385 1341 467 1435 uel
498 1342 627 1437 ultra
656 1369 790 1470 mare
816 1338 990 1438 occidi
1022 1344 1138 1471 quia
1161 1334 1471 1477 sepulchrum
1492 1338 1684 1447 domini
1704 1372 1793 1445 no·

173 1478 177 1485 ·
270 1448 350 1550 bis
369 1458 562 1586 ubique
605 1457 684 1554 est
726 1472 778 1555 et
805 1456 1014 1555 resistere
1044 1458 1382 1556 turbatoribus
1414 1460 1604 1586 negotii
1632 1458 1804 1575 nostris
1842 1527 1848 1535 -

270 1586 326 1667 et
353 1593 561 1703 propter
590 1577 688 1672 hoc
719 1578 869 1670 etiarn
897 1580 1026 1673 mori
1055 1581 1124 1693 in,
1147 1580 1284 1674 omni
1306 1578 1421 1673 loco
1447 1593 1682 1683 coronam
1703 1582 1793 1673 'noa
1965 1616 1968 1625 ·

270 1684 348 1788 bis
379 1709 612 1832 preparat
641 1695 738 1788 sem
776 1696 998 1831 sternam.
1077 1695 1197 1792 Vidi
1227 1692 1364 1823 quod
1394 1691 1527 1789 idem
1556 1694 1642 1789 ille
1674 1726 1793 1823 que·

267 1804 471 1907 stuarrus
502 1809 619 1907 dum
647 1841 716 1938 po
782 1809 902 1905 talla
942 1826 994 1908 et
1023 1810 1374 1908 adhucmulto
1404 1814 1559 1939 plura.
1591 1828 1792 1938 porten-

267 1941 323 2039 ta
351 1924 562 2029 monstra
600 1943 653 2025 et
681 1926 888 2025 audacia
962 1928 1182 2025 redicata
1211 1929 1393 2026 missam
1431 1930 1793 2028 incontinenti
1870 1930 1877 1949 “
1946 1936 1949 1943 ’
2090 1918 2097 1926 ’

266 2041 485 2161 diceret,
526 2078 621 2142 nec
651 2046 864 2141 minister
924 2046 1015 2141 uus
1039 2045 1104 2141 ad
1133 2044 1296 2143 aram
1321 2046 1519 2187 Laycus
1561 2048 1613 2142 in
1644 2050 1790 2143 armis
1837 2146 1839 2149 ,
1927 2138 1931 2147 .

85 2272 90 2283 ,
169 2168 177 2181 ’
264 2163 570 2261 terribilibus
599 2144 695 2258 ne'c
727 2163 904 2305 aliquis
934 2162 998 2259 de
1021 2166 1309 2291 sequacibus
1329 2165 1423 2259 su1s
1446 2194 1653 2262 numero
1674 2196 1791 2305 qua·

266 2279 430 2379 srxlv.
461 2312 638 2377 omnes
678 2280 893 2377 srmrluer
934 2282 1019 2375 uix
1057 2282 1345 2408 patentibus
1389 2281 1560 2383 oculis.
1592 2298 1790 2399 armati,
1889 2336 1891 2339 v

264 2398 574 2495 sacrosancto
613 2396 952 2508 Sacramento
967 2398 1152 2522 ,saltem
1192 2399 1244 2492 in
1276 2398 1558 2496 eleuatione
1590 2401 1672 2495 sua
1703 2401 1789 2495 ali-

262 2524 418 2727 q'qtam
447 2513 891 2614 reuerentiam-uel
907 2511 1220 2651 denudando
1242 2519 1416 2643 capita
1447 2516 1788 2731 uellponendo

262 2634 477 2761 gadios.
507 2633 590 2729 uel
619 2633 869 2733 flectendo
918 2651 1063 2730 'enua
1089 2630 1409 2729 exhibebant
1489 2632 1537 2729 A
1557 2668 1632 2731 rus
1667 2667 1789 2762 quo·

261 2784 367 2877 que
407 2750 759 2849 Berichtoldus
797 2750 863 2847 de
940 2752 1037 2862 atis
1064 2748 1232 2847 onensi
1277 2751 1493 2892 Dyocesr
1532 2752 1813 2882 presbyter,

261 2869 568 3011 questuarius
596 2867 685 2963 lat⁰
714 2871 921 2966 veniens
960 2868 1013 2965 in
1085 2866 1357 2997 lasenllayn
1397 2885 1545 2972 etiam
1577 2901 1687 2966 cum
1717 2888 1829 2969 ta·¹
1927 2910 1930 2918 ,
2092 2894 2096 2903 ·
2254 2845 2263 2869 ’·

258 2988 397 3093 libus
427 2984 593 3082 multis
623 2984 913 3112 sequacibus
932 2988 1027 3085 suis
1057 2984 1381 3109 Sacerdotem
1411 2986 1595 3086 ibidem
1626 2986 1690 3107 ad
1719 2988 1789 3085 al·

260 3124 373 3204 tare
404 3104 607 3201 stantem
647 3119 703 3200 et
730 3104 923 3204 missam
943 3104 1292 3203 celebrantem
1323 3110 1435 3202 cum
1466 3103 1530 3201 ad
1560 3106 1787 3203 uolunta·

209 3293 212 3301 ,
258 3243 371 3321 tem
411 3222 544 3319 suam
584 3249 679 3348 pro
709 3235 772 3319 eo
812 3224 866 3319 in
896 3224 1119 3327 sermone
1150 3252 1255 3319 non
1284 3218 1485 3330 faceret.
1515 3238 1808 3351 perunum

260 3337 332 3438 de
373 3338 517 3437 dictis
556 3340 847 3469 sequacibus
866 3337 870 3346 ’
886 3329 1179 3450 balistarium
1220 3342 1423 3438 iaculari
1451 3340 1595 3459 fecit,
1649 3340 1786 3468 quod
1843 3386 1845 3391 ’
1940 3396 1943 3403 =

151 3482 160 3504 ⁸
244 3461 416 3556 etiam
445 3457 630 3555 factum
659 3456 817 3556 fuisset
859 3457 890 3553 si
921 3490 1032 3559 non¹
1055 3457 1189 3556 idem
1219 3456 1446 3563 sacerdos
1477 3461 1801 3585 premonitus

213 3579 329 3675 'ab
360 3574 634 3713 astantibus·
651 3573 766 3708 fuge
797 3574 1006 3715 presidio
1036 3578 1084 3672 se
1116 3576 1347 3703 saluasset.
1416 3574 1608 3672 Ho‘rum
1638 3574 1785 3703 igitur
1854 3668 1857 3673 Α
1943 3628 1950 3635 -
2013 3572 2039 3609 ²
2194 3522 2197 3529 Ι

260 3727 377 3791 cum
407 3694 667 3789 insolentie
692 3690 1462 3790 cottrdieinualescerentfactum
1486 3724 1657 3789 eorum
1678 3723 1783 3788 non
1797 3732 1823 3749 ’·
1969 3734 1977 3741 -

261 3814 469 3941 integris
511 3812 622 3933 iiij0r·
660 3810 903 3908 mensibus
928 3808 1141 3907 'durauit
1181 3806 1368 3939 etpost
1407 3810 1504 3905 hoc
1533 3826 1783 3936 tamquam
1957 3910 1960 3923 ¹

260 3928 428 4026 sumtu
455 3944 665 4056 repente
697 3931 920 4025 euanuit·
988 3926 1357 4024 Namrcessarrte
1391 3930 1518 4022 circa
1549 3959 1651 4023 eos.
1682 3924 1782 4021 ele·
1860 3935 1862 3938 ’

260 4048 555 4143 molinarum
603 4044 846 4146 rosufione
871 4078 966 4173 que
981 4048 1132 4141 tantis
1157 4046 1356 4173 flagitiis
1388 4042 1612 4141 fomitem
1642 4045 1781 4139 mini·
1830 4074 1840 4095 ·

260 4164 452 4263 litabat.
549 4081 903 4295 deposuerunt
940 4165 1103 4261 sancte
1144 4165 1302 4259 crucis
1334 4162 1513 4291 signum
1545 4160 1608 4257 de
1647 4164 1782 4258 osue·
1877 4207 1880 4213 ·
2015 4204 2020 4213 ·

259 4298 380 4379 runt
417 4297 470 4378 et
503 4312 636 4379 arma
679 4296 864 4398 ettam
899 4310 1020 4377 uam>
1041 4296 1177 4376 muta
1208 4279 1456 4390 simulacra
1484 4194 1781 4377 incedentes.

260 4430 370 4495 non
411 4398 663 4526 habebant
702 4396 839 4525 quod
865 4314 1302 4515 (le'insultantibus
1333 4395 1701 4537 responderent
1732 4413 1784 4493 et

258 4515 583 4613 derisionibus
614 4532 890 4645 patuerunt
920 4518 1086 4641 itaque
1118 4514 1267 4657 usque
1288 4512 1440 4645 hodie
1463 4516 1522 4627 in
1537 4515 1782 4643 aliquibus

253 4634 389 4731 locis
417 4664 524 4731 non
553 4636 856 4763 recipiuntur
886 4665 950 4729 ex
979 4633 1152 4729 statuto
1185 4632 1459 4731 mcolarum
1478 4631 1703 4729 locorum
1727 4633 1781 4725 il·

250 4750 426 4885 lorum
458 4768 510 4851 et
538 4750 815 4855 iuramento
845 4750 1067 4850 uallato·'
1083 4766 1334 4882 tamquam
1365 4748 1594 4880 apostate.
1626 4749 1782 4849 crucis
1900 4760 1904 4771 '

1466 4954 1511 4987 ,,
1601 4868 1724 4969 chri·-
1963 4856 1969 4866 ’
