4742 6067
580 441 654 514 us
1038 411 1104 495 IL
1156 408 1559 495 CHRONI'CON
1591 342 1600 349 Ι
1776 436 1784 452 ·

525 621 859 729 admontense.
898 619 1090 717 ablatis
1119 620 1191 718 ibi
1218 616 1366 718 rebus
1409 619 1636 719 omnibus
1667 652 1790 749 quaa
1832 622 2040 727 inuenit

522 741 727 845 Deinde
756 740 985 870 processit
1005 741 1156 868 usque
1179 742 1233 835 in
1252 736 1472 835 Leuben
1532 736 1771 839 Albertus
1794 770 1916 838 vero
1938 737 2041 837 dux

413 870 417 877 ’
523 860 742 963 transmit
778 874 1002 957 montem
1031 856 1320 957 Semernich
1363 876 1474 953 eum
1512 856 1608 955 suis
1648 856 1933 955 hominibus
1976 856 2041 955 ad

526 976 886 1090 occurrendum
906 974 1020 1074 duci
1040 975 1282 1106 predicto.
1322 976 1445 1071 Erat
1467 989 1631 1073 autem
1656 991 1775 1071 tunc
1799 978 2040 1118 temporis
2199 982 2207 993 ’
2264 1068 2268 1077 .

524 1112 746 1315 proptert
763 1094 1225 1308 densitaplemcrarppis
1257 1108 1308 1190 et
1336 1092 1504 1306 spigupl
1509 1092 2041 1309 'sbtoskmrdbssgn1finb
2153 1144 2158 1151 ·

496 1243 614 1315 “ran
652 1245 723 1311 re
766 1244 950 1311 mouen
987 1246 1016 1310 1.
1189 1242 1450 1309 amaxnna
1507 1244 1524 1305 1
1576 1242 1634 1307 cu
1902 1246 1934 1311 o
1956 1243 2041 1310 ue·

525 1366 585 1433 ro
617 1334 719 1432 dux
739 1330 848 1458 post
873 1329 1141 1427 multorum
1169 1331 1363 1426 suorum
1386 1329 1628 1426 nobilium
1653 1330 1943 1457 capcionem
1964 1361 2041 1427 re·

527 1449 704 1667 dijtrad
725 1463 907 1546 terram
936 1450 1069 1546 suam
1099 1450 1152 1544 in
1172 1446 1314 1544 nullo
1333 1446 1634 1547 consecutus
1655 1462 1830 1571 uotum
1856 1445 2055 1547 deside:

524 1604 568 1673 n
630 1603 695 1667 ur.
997 1654 1002 1659 .
1965 1642 1970 1651 .

564 1610 580 1700 ¹
643 1684 1017 1806 Meebooorvij.
1048 1682 1192 1781 Circa
1214 1680 1384 1780 festum
1407 1682 1554 1779 beate
1579 1682 1694 1781 Mar
1728 1701 1862 1781 arete
1895 1684 1971 1781 vir
2005 1688 2040 1763 '-

525 1811 618 1906 nis.
681 1800 903 1932 Opidum
932 1800 1099 1899 Restat
1128 1800 1191 1897 ab
1222 1802 1433 1900 Alberto
1467 1800 1592 1900 duce
1754 1804 1798 1900 ‘e
1838 1834 1930 1931 per
1979 1834 2040 1909 ex

526 1924 823 2053 septimanas
843 1936 897 2019 et
917 1918 1129 2046 amplius
1149 1917 1393 2015 obsidetur
1427 1950 1485 2016 ac
1516 1919 1718 2020 tandem
1751 1953 1861 2018 cum
1886 1921 2182 2049 ipsum&

527 2038 776 2256 issisti
795 2036 1421 2251 “issinsbssssssss
1438 2038 1883 2255 sostrati
1923 2040 2043 2252 ss
2064 2052 2111 2095 ”

528 2293 582 2377 et
606 2186 889 2373 cesrasum
909 2189 1328 2413 archiepiscopalia]
1348 2272 1556 2371 Salzbur
1589 2278 1765 2375 ensem.
1806 2293 1861 2374 et
1885 2188 2044 2371 suto:

527 2390 854 2533 nemoducem
885 2390 1085 2529 bauarie
1112 2420 1175 2485 ex
1194 2405 1336 2531 papie
1371 2391 1528 2532 astera
1556 2308 1702 2523 super
1732 2393 1900 2493 sitibus
1960 2424 2045 2533 ue·

526 2509 763 2609 stiombus
782 2540 971 2628 rmuan
1000 2539 1058 2603 ac
1081 2503 1307 2635 dampms
1339 2506 1469 2607 datls
1496 2510 1613 2609 hinc
1635 2510 1904 2641 indeapud
1924 2424 2043 2611 san.-

527 2644 660 2726 tzam
697 2627 883 2756 placita
911 2654 1005 2753 per
1032 2654 1239 2752 magnos
1270 2642 1580 2751 comportata
1622 2634 1872 2759 principes
1913 2628 2043 2727 cele·

527 2744 746 2844 beantur.
805 2742 908 2839 Sed
941 2771 1037 2837 nec
1067 2756 1184 2836 tunc
1218 2741 1287 2838 ibi
1316 2774 1410 2839 nec
1443 2744 1495 2839 in
1535 2752 1735 2874 patauia
1773 2749 1859 2845 ubi
1887 2746 2043 2846 subse·

530 2877 743 2992 quenter
764 2858 885 2955 dicti
907 2856 1096 2954 domini
1127 2888 1238 2953 cum
1260 2863 1450 2986 magnis
1473 2861 1741 2993 sumptibus
1793 2868 1798 2877 ’

647 2976 1040 3097 Mcolxmviij.
1069 2976 1127 3071 In
1148 2974 1497 3105 purificacione
1520 2982 1668 3079 beate
1689 2984 1868 3083 Marie.
1912 2983 2042 3082 Con·

529 3105 778 3197 uenerunt
800 3095 966 3221 aliqua
986 3096 1116 3190 inter
1139 3124 1228 3190 eos
1251 3094 1518 3194 concordia
1538 3104 1702 3227 potuit
1723 3107 1989 3231 procurari.

647 3207 779 3308 Mec.
788 3212 914 3307 xcix.
911 3212 1020 3423 upa)
1040 3211 1099 3307 ln
1123 3208 1303 3309 ducam
1324 3212 1521 3311 Alberti
1541 3218 1679 3317 ducis
1692 3221 1862 3319 austrie
1881 3248 2042 3350 prope

528 3328 710 3546 ¹tbhymm
739 3327 910 3456 aquib
966 3326 1079 3425 dam
1097 3324 1303 3431 Rusticis
1326 3331 1519 3429 illarum
1551 3340 1770 3466 parcium
1801 3339 2042 3435 maximus

590 3448 784 3543 esaurus
810 3448 1025 3543 maxime
1055 3447 1108 3541 in
1146 3448 1306 3543 aureis
1341 3446 1552 3575 denariis
1583 3456 1871 3554 reconditus
1904 3458 2044 3552 inue-
2163 3508 2168 3519 ·

529 3567 677 3664 nitur.
706 3561 909 3660 tandem
929 3592 1011 3661 res
1029 3561 1256 3694 proditur
1276 3561 1507 3695 idemque
1531 3574 1784 3671 thesaurus
1815 3606 1844 3671 a
1864 3589 2043 3702 poten·
2068 3618 2073 3633 ·

532 3682 748 3782 eioribur
783 3679 1053 3779 earundem
1070 3685 1302 3815 parcium
1336 3703 1603 3816 occupatur
1635 3706 1685 3789 et
1715 3695 1845 3789 inter
1872 3692 2042 3819 plures

529 3800 834 3943 dispergitur.
891 3796 1129 3896 Albertus
1159 3829 1281 3939 uero
1311 3799 1411 3897 dux
1451 3806 1703 3934 predictus
1739 3806 1949 3906 asserens
1976 3804 2042 3904 ad

524 3920 580 4017 se
612 3916 675 4014 de
706 3947 812 4014 rure
833 3916 1112 4012 thesaurum
1135 3916 1411 4029 hurusmodi
1432 3930 1695 4051 pertinere.
1758 3928 1899 4027 Ocou
1935 3940 2041 4023 ato·

371 4131 382 4141 ,
527 4064 614 4135 res
635 4034 778 4163 ipsius
799 4033 1017 4161 impecijt
1037 4064 1129 4160 pro
1144 4032 1323 4131 eodem
1344 4052 1395 4133 et
1416 4071 1562 4138 exeo
1583 4060 1774 4173 partem
1796 4078 1877 4143 mo
1919 4049 2042 4140 'carn

532 4147 894 4295 apprehendit..
937 4148 1091 4271 Quod
1110 4165 1277 4289 autem
1304 4150 1437 4293 idem
1459 4158 1710 4260 thesaurus
1734 4162 1881 4263 ualde
1903 4178 2045 4307 uetuf

529 4267 627 4368 stus
648 4283 702 4364 et
724 4264 1205 4365 d1u1brrecond1tus
1227 4267 1377 4368 fuent
1404 4292 1544 4404 patet
1564 4308 1627 4375 ex
1649 4311 1711 4377 eo
1733 4282 1867 4425 quod
1891 4286 2043 4409 aliqui
2124 4336 2129 4343 ·

497 4382 598 4481 de
623 4382 769 4526 dictis
797 4384 958 4483 aureis
989 4384 1242 4485 habebant
1269 4389 1419 4489 talem
1453 4395 1917 4533 superscripcronem
1947 4402 2041 4497 siue

1895 4552 1985 4617 nu·

629 4751 696 4867 (a)
719 4753 844 4963 3⁷1}ss
844 4748 984 4968 gosp
976 4754 1162 4952 enm
1179 4758 1233 4845 de
1250 4694 1406 4867 republ.
1425 4756 1546 4849 Rom·
1571 4756 1623 4851 1..
1640 4756 1734 4853 ΧΠ·
1760 4741 1924 4884 Sect‘g.
1952 4790 2043 4875 cap
2133 4914 2135 4917 Ι
