4742 6067
676 408 755 495 4⁶4
861 419 893 457 ·.
936 392 1531 524 ousnnvnrronns,
1557 388 1871 511 ennvrn„

633 602 796 687 he'ronie
825 606 985 699 vitam,
1022 602 1071 693 dt„
1087 605 1129 682 In
1155 602 1364 705 Abbatum
1391 600 1724 679 Lamhucenfium
1748 602 2014 709 ,cemlogurm
2047 634 2122 709 φη

632 712 855 803 anecdota,
877 708 936 783 'ex
953 706 1192 785 authenticis
1212 708 1308 785 dicti
1326 703 1746 783 Coenobfi.·co‹ticibus
1775 718 1907 805 eruta,
1934 706 2122 813 Tomoll.

631 813 676 891 S
694 812 746 894 R.
764 806 966 887 Aenos.
989 838 1024 886 1.
1050 834 1174 911 usque
1194 810 1248 885 ad
1266 837 1330 907 5⁰·
1347 809 1520 885 inseruit.
1573 806 1747 899 Mirum,
1774 834 1825 885 ne
1853 810 1949 909 quid
1967 834 2123 914 negem,
2212 863 2220 871 ,

630 914 732 995 mihi
750 912 984 1004 videbatur,
1011 911 1064 988 ab
1091 914 1169 988 hoc
1196 910 1456 989 sollertissimo
1484 934 1531 986 ac
1559 910 1801 1013 sagacissimo
1820 910 2037 987 Annalium
2053 914 2124 991 Au·

630 1017 863 1095 liriacorum
888 1016 985 1091 inda
1012 1029 1124 1091 atore
1151 1015 1305 1091 nullum
1331 1014 1438 1089 illius
1466 1012 1660 1089 Asceterii
1688 1012 1905 1089 chronicon
1942 1017 1982 1088 in
2007 1016 2125 1091 lucem

535 1144 548 1153 ·
630 1132 880 1223 protractum
904 1041 1042 1192 suisshz
1068 1118 1111 1193 id
1138 1118 1248 1217 quod
1274 1118 1425 1193 indicio
1453 1115 1534 1207 ell,
1570 1129 1638 1195 ettt
1664 1117 1818 1193 nullum
1843 1116 1958 1193 huius
1985 1120 2124 1221 generis

607 1240 614 1253 ·
632 1222 856 1299 chronicon
873 1222 916 1295 iu
933 1220 1137 1295 litterariis
1150 1222 1241 1295 ¹eius
1262 1217 1449 1293 Coenobii
1468 1217 1618 1293 scriniis
1638 1216 1849 1318 superclio,
1878 1233 1946 1294 aut
1962 1220 2124 1295 Lamba-

633 1324 770 1401 censes
788 1322 827 1398 se
846 1322 942 1415 illo,
968 1336 1175 1422 tamquam
1202 1323 1386 1423 peculio,
1413 1324 1581 1422 privare
1593 1318 1768 1395 noluisse.
1792 1320 1867 1397 1.In
1885 1320 2054 1425 Augusta
2069 1320 2123 1397 Bi·

621 1424 839 1502 'bliotheca
864 1425 943 1501 duo
972 1421 1174 1501 Chronica
1200 1423 1492 1503 Lamhucenlia
1519 1422 1678 1513 adsunt,
1706 1436 1835 1498 utrum
1866 1448 1915 1499 ue
1942 1424 2125 1499 membra·

630 1550 803 1604 naccum
827 1530 868 1602 in
895 1525 985 1603 folii
1009 1526 1173 1618 forma,
1201 1550 1371 1627 quorum
1398 1528 1604 1627 primum,
1633 1528 1742 1615 inter
1767 1449 1949 1627 prosanae
1975 1525 2125 1604 hilloriae

630 1630 859 1733 Scriptores
886 1653 994 1705 num.
1011 1628 1248 1706 LXXXIII.
1274 1628 1442 1730 posrtum
1462 1626 1513 1703 ab
1533 1652 1639 1703 anno
1662 1654 1770 1721 1¹77·
1791 1653 1916 1729 usque
1936 1630 1988 1707 ad
2002 1644 2135 1721 ,¹278·,›»

631 1733 803 1808 alterum
819 1754 920 1813 vero
938 1729 1251 1808 numcccch.
1277 1743 1459 1807 notatum
1479 1730 1530 1807 ab
1552 1754 1657 1807 anno
1681 1730 1790 1813 1126.
1818 1755 1943 1833 usque
1962 1730 2013 1807 ad
2032 1755 2126 1806 eum·

630 1834 727 1917 dem
753 1857 902 1912 annum
932 1849 1043 1926 1278.
1069 1833 1271 1911 historiam
1300 1834 1433 1909 texit:
1465 1835 1618 1932 utrique
1645 1856 1743 1909 vero
1770 1837 1995 1925 recentiore
2021 1852 2127 1909 manu

625 1958 764 2039 pauca
789 1934 910 2011 assuta
934 1934 1031 2011 sunt.
1082 1934 1299 2025 Posterius,
1327 1936 1435 2033 quod
1454 1938 1835 2039 primum-magnam
1853 1930 2016 2037 partem'
2085 1960 2126 2009 ne

630 2038 686 2118 ud
721 2036 890 2113 verbum
909 2036 1189 2139 descripserat,
1234 2036 1314 2112 deli
1345 2038 1493 2112 endum
1511 2036 1636 2115 visum
1663 2036 1725 2113 est.
1778 2036 1843 2113 Ea
1869 2038 2011 2113 saeculo
2085 2036 2127 2111 II.

628 2155 823 2231 exeunte,
851 2153 919 2229 aut
937 2141 1045 2229 certe
1064 2138 1132 2216 sub
1151 2138 1284 2231 soeculi
1365 2139 1419 2215 V.
1445 2141 1604 2217 initium
1622 2153 1790 2237 exarata
1806 2138 1918 2217 fuisse
1941 2140 2155 2219 charactea

625 2264 716 2337 tes,
742 2242 912 2345 aliaeque
935 2254 1042 2318 notae
1067 2242 1217 2319 criticae
1237 2242 1440 2320 evincunt.
1726 2240 1758 2285 ’ν
1819 2276 1827 2287 ⁴

753 2445 808 2524 II.
861 2442 985 2546 Quod
1010 2446 1093 2522 alio
1121 2448 1215 2525 loco
1234 2470 1578 2550 monueram,
1606 2472 1657 2523 ea
1681 2442 1901 2550 praesertim
1934 2446 2125 2537 chronica,
2192 2464 2197 2471 ·

656 2572 718 2625 uae
744 2574 770 2624 n
785 2548 1042 2625 Benedictini
1066 2548 1230 2629 Instituti
1258 2550 1429 2625 alumnis
1458 2576 1551 2626 com
1581 2551 1681 2625 ilata
1707 2550 1811 2641 sunt,
1838 2552 1892 2627 ad
1918 2549 2127 2627 Hermanni

626 2574 836 2729 sontracti
862 2650 1007 2752 stylum
1034 2675 1082 2727 ac
1109 2651 1346 2729 methodum
1374 2652 1518 2755 scripta
1544 2578 1674 2744 thille,
1701 2653 1801 2730 illud
1830 2679 1907 2753 quo
1944 2677 1991 2728 ue
2010 2651 2072 2727 vel
2093 2652 2125 2725 in

624 2756 768 2932 primic
803 2754 949 2829 horum
982 2750 1317 2831 Lamhacenfium
1353 2756 1558 2831 annalium
1595 2757 1712 2831 lineis
1748 2753 1869 2831 facile
1898 2782 1927 2833 o
1958 2755 2126 2833 servetur.

661 2856 893 2936 osteriorum
918 2870 1054 2931 tamen
1083 2880 1301 2950 annorum,
1330 2862 1483 2934 ocolus
1512 2861 1714 2961 praecipue
1743 2858 1894 2953 saeculi,
1924 2884 2003 2961 quo
2029 2859 2125 2933 vixe-

623 2972 737 3051 runt,
763 2958 966 3035 historiam
991 2958 1036 3037 hi
1055 2955 1366 3064 chronographi
1395 2960 1554 3038 uberius
1581 2976 1809 3063 exponunt,
1836 2986 1990 3063 eosque
2018 2959 2076 3034 seu
2092 2958 2126 3033 in

626 3062 851 3165 deligendis
869 3059 936 3136 seu
953 3062 995 3137 in
1015 3062 1289 3163 exprimffldis
1310 3062 1519 3142 eventibus
1566 3064 1733 3141 reeclaro
1752 3066 1902 3140 iudicio
1927 3062 2011 3141 usos
2021 3058 2126 3148 suillo,

622 3188 777 3257 nemo,
804 3165 872 3265 qui
899 3164 992 3240 illos
1017 3164 1192 3267 legerit,
1220 3162 1465 3242 diffitebitur.
1529 3090 1664 3260 gnra,
1692 3192 1812 3270 quam
1838 3170 1879 3241 in
1908 3164 2128 3245 adnotanda

623 3264 835 3355 Abbatum
860 3265 1195 3343 Lamhacenfium
1219 3266 1320 3343 serie
1347 3268 1635 3359 adhibuerunt,
1671 3264 1875 3345 manifesto
1904 3280 2125 3445 argumento

625 3369 699 3459 eil,
726 3370 867 3445 cosin
893 3370 1002 3444 dicto
1023 3364 1222 3445 Coenobio
1249 3370 1507 3447 monasticam
1525 3373 1651 3445 vitam
1679 3370 1869 3471 professos
1888 3370 1947 3447 fui
1978 3396 2021 3461 e,
2048 3391 2124 3444 cau·
2153 3445 2157 3460 ,

400 3452 411 3467 ”
476 3562 482 3569 ,
607 3466 787 3577 'sumque
804 3464 1053 3577 suppeditat,
1077 3468 1171 3551 huic
1191 3472 1383 3551 chronico
1401 3468 1685 3549 Lembacerilis
1704 3498 1852 3561 nomen
1874 3472 2081 3569 tribuendi.
