4742 6067
1240 437 1382 508 140
1918 477 1925 485 .
2251 396 2403 487 111.
2439 481 2447 486 ,
2486 367 3183 496 ,AnoNY'ML

1126 621 1560 737 Prc-quo
1608 610 1900 705 turris
1947 610 2372 705 maxima
2415 609 2812 737 parisius
2848 625 3273 740 paratur.
3322 662 3328 669 ·

1129 730 1461 855 Philip
1535 758 1650 821 us
1698 726 2195 822 coloniam
2238 731 2607 826 intrare
2654 747 3092 827 conatur.
3140 818 3153 830 .
3302 822 3315 832 ,

1127 846 1452 949 Babin
1524 844 1757 939 erch
1789 842 2318 968 occiditur.
2372 847 2623 944 Otto
2674 849 3312 945 consecratur.

1097 964 1263 1067 ‘Et
1309 996 1489 1091 per
1530 963 2183 1088 eminenciam
2220 960 2587 1074 stature.
2613 964 3090 1063 laudatur.
3340 1070 3348 1080 ,
3788 1044 3795 1050 ,
4101 1073 4114 1092 ι

1130 1086 1227 1181 Τ
1354 1082 1750 1177 annizat
1793 1077 2206 1177 clericus
2325 1113 2433 1176 er
2470 1082 2735 1178 hunc
2780 1083 3535 1222 blasphematur..
3596 1154 3604 1162 -
3691 1153 3702 1207 :
3801 1165 3806 1171 .
3968 1087 3981 1167 ἶ
4076 1125 4113 1150 -·
4158 1139 4177 1184 ·.

1251 1230 1543 1295 anum
1588 1196 1837 1293 dans
1887 1195 2017 1291 ad
2059 1197 2241 1295 feti
2283 1231 2372 1333 ‘a
2421 1217 3349 1322 excommumcatur,
3700 1243 3706 1249 ·

1326 1368 1632 1470 Rubr.
1735 1370 1925 1466 Hic
1966 1372 2435 1500 generale
2498 1372 3038 1472 concilium
3097 1405 3373 1471 rome
3438 1374 4017 1485 celebratur.

1364 1511 1794 1639 Magnus
1844 1510 2503 1607 Innocencius
2551 1510 2750 1608 late
2870 1513 3389 1610 redicatur.

1134 1634 1370 1848 3υο
1485 1624 2236 1723 eneraliffimum
2276 1657 2555 1724 rome
2605 1631 2822 1727 cele
2897 1635 3192 1726 ratur.
3334 1647 3341 1656 '

1219 1781 1441 1847 oncl
1488 1750 1689 1842 ium
1736 1741 2004 1871 quod
2053 1745 2513 1842 omnibus
2561 1748 2898 1873 priscis
2942 1764 3550 1877 prerogatur.

1139 1865 1693 1966 Celebratis
1738 1877 2033 1957 antea
2074 1878 2598 1991 pesquem
2640 1864 3196 1983 illustratur..
3288 1901 3295 1907 ·

1143 1980 1659 2110 Quidquid
1706 1996 2001 2088 antea
2039 1980 2328 2075 latuit
2366 1982 2548 2075 scri
2619 1985 2745 2078 tis
2790 1984 3336 2081 decoratur.

1136 2105 1525 2201 Lumen
1564 2099 1725 2194 hic
1774 2097 2167 2195 ecclefie
2202 2096 2459 2202 ,cleri
2569 2128 2683 2194 os
2735 2117 3165 2197 ornatur.

1140 2221 1375 2317 Rite
1419 2216 1820 2311 laudum
1863 2214 2210 2343 tytulis
2261 2229 2364 2326 et
2408 2217 3103 2354 magnificatur.

1143 2333 1502 2435 Prodit
1545 2332 2111 2429 constitucio
2157 2329 2496 2457 iusque
2536 2332 3033 2448 hmitatur.

1148 2450 1591 2551 Clericus
1639 2448 2043 2546 ecclesia
2085 2446 2195 2541 fit
2239 2464 2773 2547 contentus
2820 2452 3050 2560 sola.
3260 2556 3270 2564 ,

1144 2569 1372 2669 Post
1410 2570 1602 2664 hoc
1652 2567 1984 2696 magni
2032 2566 2380 2683 cesaris
2428 2596 2749 2696 nepos
2795 2565 3291 2682 euocatur.

1150 2689 1343 2786 Hic
1385 2682 1816 2780 eiusdem
1848 2681 2287 2780 nominis
2332 2715 2586 2810 puer
2625 2686 3216 2787 nominatur.

1148 2800 1663 2903 Friderich
1713 2799 2327 2928 conspicuuS.
2443 2802 2892 2930 Ottoque
2940 2803 3362 2933 fugatur.

1149 2924 1341 3019 Hic
1385 2937 1580 3047 per·
1611 2916 2315 3016 Innocencium
2368 2918 2633 3013 cesar
2683 2919 3323 3040 consecratur.

1151 3043 1453 3138 Anno
1503 3032 2164 3155 ducentesimo
2212 3034 2624 3134 milleno
2668 3054 3092 3151 notatur.
3146 3068 3150 3076 ’

1159 3155 1598 3252 Clericus
1641 3177 1882 3248 cum·
1906 3152 2344 3284 imperioa
2365 3153 2607 3249 mire
2658 3156 3373 3288 tranquillatur.
3453 3263 3493 3271 ..
3556 3232 3569 3244 .

1154 3330 1276 3427 R.
1337 3329 1526 3424 Hic
1580 3324 2078 3465 considera
2134 3300 2672 3424 aduentum
2711 3329 3448 3472 predicatorum
3508 3285 4179 3488 qui-‚lambite

1577 3442 1796 3567 plfis
1842 3454 2349 3537 uocantur.
2468 3444 2777 3548 Anno
2821 3445 3199 3557 domun
3240 3447 3555 3547 M⁰.·cc
3606 3484 3765 3575 xl).-

1392 3580 1623 3679 Post
1663 3582 1858 3675 hoc
1899 3610 2164 3675 anno
2209 3582 2364 3714 vij.
2425 3582 2825 3711 surgunt
2871 3563 3331 3683 iacobite.

1158 3702 1515 3835 Nigras
1561 3728 1927 3828 cappas
1970 3695 2945 3832 deferuntspargunt
2981 3697 3394 3856 uerbum
3434 3708 3699 3805 uites-
3834 3792 3879 3840 ‚·

1541 3870 1846 3969 Rubr.
1912 3872 2103 3969 Hic
2162 3858 2522 3971 fratres
2580 3878 3059 3980 minores.-
3123 3874 3132 3898 ²
3174 3890 3187 3990 j
3246 3935 3255 3948 ·

1162 4014 1262 4114 N
1266 4041 1667 4141 onoque
1714 4010 2171 4139 gregorio
2221 4009 2392 4107 sed
2432 4026 2537 4107 et
2584 4010 3095 4136 cordelite.
3242 4055 3254 4065 ·

1161 4130 1570 4229 Nudum
1616 4125 2060 4224 christum
2098 4126 2621 4257 predicant
2659 4145 2770 4225 ut
2822 4131 3339 4250 israhelite.

1162 4247 1405 4346 Veri
1445 4243 1735 4341 nudis
1854 4243 2203 4343 edibus
2251 4274 2599 4342 omnes
2639 4246 3237 4348 miserantur.

1166 4366 1301 4463 Et
1346 4395 1527 4493 per
1570 4395 1623 4459 c
1751 4366 1771 4386 '
1858 4366 1883 4387 ⁶
1931 4360 2356 4459 famulos
2398 4365 2565 4491 pie
2616 4381 3311 4490 prouocantur.

1169 4482 1522 4581 Prodit
1564 4480 1658 4577 sa
1730 4483 2037 4578 ientia
2080 4482 2513 4579 scismata
2555 4479 3238 4611 dampnantur.

1174 4601 1366 4695 Per
1414 4605 1594 4693 hos
1642 4512 1889 4697 gnos
1937 4596 2336 4697 ordines
2377 4599 2739 4729 begine
2783 4601 3259 4702 uelantur.
3391 4668 3398 4677 -
3489 4619 3498 4631 '

1182 4721 1326 4817 Isti
1374 4717 1962 4817 tunicatibus
2004 4717 2314 4843 solum
2358 4734 3113 4818 commorantur.
