4742 6067
594 430 1489 541 ctaus‘rnonnonunornst.
1692 467 1764 545 με

204 649 211 659 ’
294 604 425 735 nam
445 630 701 733 abducunt
722 650 775 734 ec
812 634 1261 779 increpantem
1289 635 1354 734 ad
1386 638 1528 738 instar
1560 641 1815 746 saluatoris
1879 640 1892 655 ’

296 769 456 853 morte
482 752 700 850 afficiunt
722 758 806 882 qui
826 784 918 885 per
939 753 1023 853 det
1039 756 1258 885 graciam
1277 755 1495 885 sepultus
1519 756 1583 857 cll
1606 762 1657 856 in
1679 793 1818 861 mon·-
1989 840 1997 853 ,
2174 750 2178 757 ’
2258 712 2262 719 ¹
2341 724 2343 732 Ι

297 888 349 969 te
370 871 455 1014 qui
478 868 657 969 dicitur
673 869 964 969 Bacharach
992 888 1046 970 et
1075 871 1147 970 ibi
1179 874 1347 971 multis
1380 876 1479 971 iam
1501 878 1659 976 claret
1677 881 1824 977 mira·
1975 904 1979 915 ·

299 989 780 1231 ωΙΒΜοοᾸκκκνίᾒ.
813 1105 1026 1205 Sanctus
1043 1044 1136 1204 'Vir
1171 1110 1282 1209 ‘'us
1325 1110 1602 1209 quauenlls
1636 1112 1821 1243 episco-

298 1222 702 1440 {ztcslgrfiaenffmnn
720 1109 1590 1360 adominottudoffil'arctneptscopo
1604 1228 1822 1339 eiusdem
1880 1274 1886 1285 ·

419 1459 747 1559 Meetmix.
904 1521 908 1529 ·
1220 1532 1223 1537 -
1543 1544 1546 1549 .

418 1577 727 1675 Mealxxiot.
757 1576 817 1674 In
838 1576 1074 1680 diullione
1098 1581 1442 1725 apostolorum.
1471 1579 1823 1711 Rudolfitsrex

300 1724 619 1795 romanorum
654 1696 789 1817 obijt.
828 1712 883 1793 et
915 1715 1036 1827 aput
1061 1701 1237 1844 [paam
1270 1700 1515 1830 sepelitur.
1574 1700 1671 1797 Hic
1705 1700 1824 1827 licet

301 1816 584 1943 regnauerit
606 1816 658 1909 in
682 1813 974 1912 alamannia.
994 1821 1123 1944 xviij.
1145 1822 1304 1916 annis.
1333 1834 1503 1915 tamen
1524 1848 1630 1915 non
1649 1848 1828 1947 peme-

301 1936 378 2029 nit
395 1930 460 2027 ad
485 1962 722 2029 coronam
742 1933 808 2027 im
905 1934 1065 2032 ’alem
1153 1935 1295 2034 Circa
1324 1934 1460 2033 idem
1496 1950 1692 2064 tempus
1721 1936 1829 2035 An·

302 2048 448 2147 dieas
469 2048 692 2145 marchio
712 2046 776 2146 de
882 2082 910 2147 e
936 2082 1047 2149 cum
1065 2051 1172 2183 post
1183 2068 1395 2151 mortem
1415 2053 1587 2185 Lazlai
1597 2054 1730 2182 regis
1739 2084 1830 2149 vn·

302 2168 451 2300 garie.
500 2196 594 2293 per
615 2200 681 2263 vn
744 2200 832 2277 ros
861 2184 1040 2297 utpote
1060 2174 1391 2301 propinquior
1423 2170 1569 2269 heres
1602 2172 1744 2301 regni
1773 2172 1830 2267 in

301 2320 356 2385 re
392 2316 472 2383 em
493 2284 611 2379 ellet
645 2302 837 2382 eectus
868 2302 920 2382 et
955 2305 1222 2385 coronatus
1257 2290 1528 2386 exercitum
1562 2285 1749 2385 ducens
1773 2290 1826 2387 in

296 2440 333 2503 a
427 2406 523 2499 iam
546 2404 600 2497 in
622 2434 727 2528 quo
741 2404 915 2499 habuit
923 2402 1176 2500 Tartaron
1205 2403 1488 2501 Ruthenos.
1515 2418 1565 2501 et
1577 2404 1698 2501 alias
1718 2405 1830 2501 bar·
1967 2500 1972 2513 ,
2037 2366 2044 2376 ’

302 2522 446 2621 baras
466 2550 718 2617 naciones.
746 2536 928 2616 terram
953 2518 1173 2617 austriam
1195 2522 1389 2619 afluuio
1410 2522 1497 2649 qui
1508 2520 1686 2615 dicitur
1695 2520 1829 2650 Ley·

303 2658 370 2738 ta.
398 2639 551 2763 usque
573 2639 841 2733 Wiennam
867 2633 1093 2734 abductis
1115 2640 1169 2733 in
1197 2641 1535 2778 captiuitatem
1555 2638 1662 2733 eius
1684 2640 1827 2735 inha-

245 2854 251 2865 ι
303 2754 600 2857 bitatoribue
622 2784 771 2883 quam
802 2768 961 2850 totam
995 2752 1228 2851 destruxit
1261 2753 1503 2878 incendiis
1538 2769 1590 2851 et
1623 2757 1854 2881 rapinia„

303 2875 545 2978 albertus
566 2904 691 2968 uero
717 2868 820 2966 dux
840 2869 1094 3000 predictus
1152 2873 1480 3002 rimogenitus
1511 2874 1642 2998 regis
1665 2904 1829 2969 roma·

252 3048 257 3059 ·
304 3022 483 3092 norum
504 2985 722 3086 Rudolil.
754 3018 868 3085 cum
886 3004 1093 3119 propter
1112 2904 1341 3087 Solorem
1361 3003 1614 3087 recentem
1637 3021 1701 3085 ex
1723 2989 1831 3087 obi·

304 3126 362 3209 tu
394 3110 551 3238 patris
584 3121 907 3207 contractum.
937 3108 1024 3235 qui
1048 3136 1108 3202 ea
1127 3109 1241 3203 uice
1275 3104 1545 3205 defunctus
1576 3122 1683 3203 erat
1715 3136 1831 3203 cum
1961 3174 1967 3191 ,
2090 3134 2095 3143 ·
2196 3146 2199 3153 ·

305 3240 512 3366 propter
531 3222 862 3321 rebellionem
883 3224 1211 3351 quorumdam
1234 3222 1432 3321 luorum
1443 3222 1826 3330 ministerialiwn
1905 3238 1907 3245 '
1991 3244 1995 3251 '

307 3376 368 3442 ca
386 3375 498 3439 urce
516 3340 736 3439 uires-ad
758 3336 1068 3438 resiliendum
1086 3344 1192 3472 regi
1216 3372 1279 3439 vn
1316 3372 1512 3440 erorum
1585 3342 1654 3439 oh
1677 3340 1828 3439 d'olor

306 3492 411 3560 non
429 3458 658 3585 habebat.
689 3457 773 3555 red
791 3489 882 3587 per
904 3459 1162 3589 episcopos
1176 3474 1307 3557 etno
1344 3462 1435 3558 iles
1449 3492 1527 3556 am
1563 3490 1827 3586 arumpar·

229 3607 234 3619 ’
309 3583 436 3675 cium
460 3576 694 3675 conlenlit
713 3578 845 3673 inter
866 3576 913 3671 le
936 3591 988 3671 et
1005 3608 1175 3707 regem
1195 3570 1494 3706 vngarormir
1517 3578 1674 3706 ipsum
1708 3579 1827 3672 arni·

308 3695 466 3795 cabile
521 3695 725 3793 lacitum
746 3695 800 3789 in
824 3724 1001 3820 campo
1025 3698 1113 3823 qui
1148 3692 1330 3791 dicitur
1361 3698 1471 3793 vizz
1503 3726 1566 3791 ex
1598 3692 1823 3823 opposito

308 3728 772 3912 contraPPosonium
783 3808 1015 3908 ordinari
1126 3811 1391 3955 uoplacito
1405 3810 1826 3909 conuenientibus

306 3930 631 4028 amicabiliter
651 3928 889 4057 partibus.
920 3942 974 4023 et
1001 3931 1080 4056 ep'
1103 3958 1242 4058 copis
1273 3960 1330 4027 ac
1358 3929 1618 4025 nobilibus
1650 3957 1825 4025 eorum

144 4082 150 4087 ·
307 4051 470 4149 omnis
494 4046 679 4146 oecalio
701 4042 940 4143 discordie
965 4076 1078 4142 cum
1090 4048 1227 4146 bono
1249 4048 1443 4145 honore
1458 4044 1598 4143 ducis
1609 4048 1825 4186 compla-

304 4182 426 4265 nata
442 4164 552 4262 fuit.
610 4164 739 4263 Nam
772 4166 939 4261 onmia
967 4162 1115 4261 castra
1153 4194 1453 4296 vngarorum
1482 4164 1741 4261 existenma
1771 4194 1825 4259 tn

214 4344 220 4354 ·
310 4282 589 4381 confinibus
609 4282 780 4379 austrie
838 4312 897 4378 ro
953 4281 1102 4380 uibus
1121 4283 1295 4381 austria
1314 4284 1476 4412 sepius
1501 4282 1826 4380 consueuerat

306 4399 551 4519 molestari
572 4314 840 4539 mandauil'
848 4428 938 4528 pre
977 4402 1102 4497 ‘ctus
1123 4430 1213 4499 rex
1233 4430 1531 4544 nugatorum
1553 4398 1794 4538 demoliri.

427 4516 749 4641 Meelmnnq.
803 4518 861 4613 In
895 4518 1172 4661 parasceue.
1216 4535 1392 4616 ciuitas
1424 4515 1732 4616 Akkarenfis.
1772 4544 1826 4615 m

344 4662 412 4730 ua
428 4651 549 4733 tunc
572 4629 805 4733 dicuntur
836 4634 990 4733 futile.
1029 4636 1128 4733 bix,
1157 4638 1294 4734 milia
1323 4636 1624 4735 bellatorum
1656 4667 1687 4731 a
1708 4632 1820 4731 Sol·-

414 4786 446 4857 ο
467 4752 721 4855 babilonie
742 4786 836 4889 per
864 4752 975 4852 dies
989 4753 1340 4973 I{luaclraginta
1368 4768 1588 4897 quatuor
1613 4750 1816 4965 obdljella

1060 4900 1095 4976 2
1727 4898 1771 4968 e.
