4742 6067
628 393 1509 519 cenusrnonuouuucensu
1726 438 1770 515 n

303 631 370 747 tis
391 618 695 753 principibus
714 625 929 722 incurrit
970 636 1076 718 tum
1108 628 1318 750 propter
1351 618 1695 750 contemptum
1720 636 1824 717 tum

308 746 462 839 eciam
480 756 687 869 propter
701 742 1057 871 querimoniam
1067 738 1333 835 multorum
1343 742 1647 867 prelatorum
1670 741 1824 835 eccle·

307 859 489 965 harum.
521 868 572 951 et
588 861 868 995 principum
891 888 947 950 ac
984 854 1282 950 diuersarum
1316 858 1641 980 personarum,
1669 855 1858 953 eccle·.
1900 862 1905 959 ζ

159 1006 170 1027 ’“
307 975 470 1071 baltici
492 971 684 1095 ordmis
703 990 756 1069 et
777 971 1298 1099 potencie'seculuris.
1356 970 1530 1068 Postea
1560 975 1832 1107 imperator
1986 1035 1990 1039 -

190 1208 196 1214 ,
308 1091 430 1187 milrt
460 1092 695 1184 nuncium
726 1090 861 1183 luum
891 1091 944 1183 in
979 1087 1200 1184 austriam
1229 1074 1484 1207 interdixit
1529 1091 1577 1183 ei
1612 1088 1849 1215 graciam.

282 1210 441 1314 ,luam
471 1216 529 1302 ‘et
551 1207 795 1316 amulium.
817 1221 870 1300 et
902 1203 1164 1304 confilium.
1204 1236 1353 1331 quem
1383 1207 1617 1302 nuncium
1649 1202 1722 1296 sut
1752 1228 1832 1319 ca-

308 1326 559 1452 ptiuantes
593 1337 644 1416 et
662 1322 796 1417 male
827 1334 1111 1442 tractantes.
1139 1321 1343 1443 taudem
1366 1320 1434 1417 ad
1462 1323 1616 1418 iusum
1638 1320 1833 1448 (tuffam)
1945 1394 1951 1401 -

314 1437 889 1560 ducisdimillusest.f
1031 1550 1036 1555 .
1164 1472 1167 1475 ⁴
1346 1468 1442 1561 ψ
1593 1550 1594 1558 Ν
1711 1488 1713 1492 ,

327 1637 348 1687 9
426 1556 749 1677 Mcc.xxxvij.
775 1552 901 1650 lte'm
921 1552 1055 1650 idem
1076 1545 1177 1650 dux
1190 1556 1323 1651 lecit
1343 1558 1509 1651 omnia
1522 1552 1831 1693 claustraque

312 1687 454 1771 erant
472 1674 526 1767 in
548 1672 830 1798 principatu
860 1673 947 1789 luo
982 1703 1086 1766 vno
1116 1670 1199 1787 die
1230 1676 1419 1799 pariter
1449 1675 1656 1799 irrumpi
1687 1688 1738 1767 et
1761 1702 1834 1767 rn-

234 1845 240 1852 ·
347 1792 439 1886 uiri
460 1794 702 1915 pecunias
722 1789 952 1926 proprias
974 1802 1033 1895 et·
1049 1789 1253 1883 alienas.
1285 1804 1337 1909 et
1359 1789 1588 1884 inuentae
1615 1786 1832 1918 diripuit

369 1908 419 2002 lu
486 1907 589 2000 rin
603 1918 721 2001 toto
744 1906 1024 2035 principatu
1059 1904 1145 2000 luo
1179 1908 1371 2031 recepit
1401 1902 1473 1999 de
1496 1930 1600 2001 uno
1668 1924 1835 2031 uoque
1928 1936 1969 2020 j

244 1936 493 2145 manig.
519 2021 601 2117 lx*
638 2020 905 2117 denarios*
942 2021 1145 2115 inicium
1168 2019 1400 2131 dolorum
1426 2021 1632 2117 fuerunt
1684 2053 1759 2118 ec.
1785 2036 1843 2125 el·
1924 2058 1928 2067 ·

276 2140 450 2235 “causa
471 2138 778 2233 deieccionis
809 2138 906 2231 lite.
964 2136 1140 2232 Postea
1170 2154 1382 2265 propter
1410 2138 1589 2233 multas
1624 2138 1838 2235 insolen-

137 2272 146 2279 '
311 2257 411 2351 cias
438 2270 489 2350 et
509 2255 832 2349 enormitates
850 2254 957 2372 suas
976 2252 1288 2348 wiennenles
1311 2270 1363 2359 et
1375 2254 1470 2350 alie
1486 2256 1711 2351 ciuitates
1724 2286 1836 2381 pre·
1978 2274 1988 2323 1

302 2387 387 2467 -ter
410 2382 594 2465 nouam
616 2370 880 2463 ciuitatem
921 2383 974 2461 et
1005 2368 1343 2475 ministeriales
1377 2371 1429 2462 in
1460 2386 1671 2494 vtroque
1703 2375 1836 2496 prin·

269 2488 480 2613 ‘cipatu
504 2499 759 2611 cepenmt.
787 2484 838 2606 le
870 2511 1135 2609 opponere
1166 2484 1230 2577 ei.
1286 2482 1494 2577 Deinde
1528 2488 1705 2579 secute
1725 2488 1837 2581 lunt

308 2606 483 2731 rapine
508 2598 825 2695 et·incendia.
853 2610 906 2692 et
936 2599 1234 2735 empciones·
1257 2594 1569 2710 claustrorum
1594 2615 1645 2694 et
1678 2604 1837 2703 eccle·
1913 2604 1914 2612 '
2005 2662 2009 2671 ·

311 2721 486 2817 ilatum
503 2733 555 2812 et
579 2714 855 2812 castronnn.
939 2711 1148 2808 Demde
1169 2744 1259 2809 rex
1281 2714 1514 2810 bohemie
1541 2731 1591 2811 et
1628 2716 1729 2811 dux
1754 2719 1837 2812 ba·

310 2838 479 2958 narie
495 2866 558 2929 ex
576 2831 738 2926 latere
760 2831 1075 2956 imperatoris
1103 2832 1156 2923 in
1189 2827 1725 2959 austriamfpergerunt.
1759 2836 1836 2957 (a)

314 2955 399 3079 qui
422 2966 590 3048 tamen
611 2947 767 3058 nichil
789 2943 1125 3073 profecerunt
1154 2946 1239 3042 nist
1254 2945 1390 3073 quod
1402 2961 1583 3043 terram
1594 2954 1769 3077 rapina
1787 2965 1838 3045 et

312 3065 550 3167 incendio
571 3063 893 3159 uastauerunt
922 3059 1006 3181 Hij
1029 3076 1211 3159 terram
1233 3078 1284 3183 et
1307 3063 1556 3189 ciuitatem
1578 3067 1836 3160 wiennen-

293 3188 425 3282 lem.
455 3183 734 3310 Btngrauio
756 3178 827 3273 de
852 3176 1197 3280 Nicrenberch
1234 3177 1717 3276 commendauerunt
1751 3185 1837 3307 qui
1906 3217 1914 3283 .·
1961 3208 1964 3216 ·

131 3392 139 3405 ,
316 3301 545 3399 collectis
562 3296 729 3393 multis
751 3296 891 3389 uenit
915 3295 1084 3389 uersus
1099 3326 1284 3391 noua-m
1304 3298 1554 3391 ciuitatem
1578 3297 1835 3393 locuturus
1933 3329 1937 3337 ·

312 3416 593 3547 patriarche
615 3410 941 3540 aquilegenli..
958 3412 1332 3548 etst‘yrenhbuu
1373 3414 1431 3507 ln
1468 3412 1746 3527 reuerlione
1767 3416 1836 3510 le·

315 3549 458 3631 cutus
484 3530 550 3625 en
570 3558 663 3627 eos
682 3526 784 3623 dux
804 3558 916 3623 cum
937 3543 1122 3623 comrte
1140 3527 1206 3625 de
1227 3528 1393 3659 bogen
1426 3546 1478 3625 et
1506 3528 1698 3659 fugauit
1732 3562 1835 3627 eoa
2058 3642 2060 3647 ,
2226 3634 2232 3647 ,

315 3681 428 3748 cum
449 3646 696 3745 haberent
725 3643 900 3739 decem
921 3659 1096 3739 contra
1120 3676 1272 3741 vnum
1297 3648 1536 3773 'cepitque
1569 3648 1700 3741 duos
1733 3650 1835 3773 epi·
1891 3708 1894 3713 ι
1925 3732 1932 3741 ,

314 3770 491 3895 leopos
510 3762 846 3891 patauiehiem
869 3758 1213 3854 etfrillenlem.
1252 3764 1405 3878 ceteri
1433 3764 1642 3889 turpiter
1679 3766 1837 3861 et-‚uix
2244 3824 2249 3831 -

316 3885 591 3981 enatarunt
645 3873 876 3973 Tandem
898 3876 1175 4003 imperator·
1187 3906 1280 4005 per
1288 3876 1664 4005 longobardiam
1688 3882 1837 3994 intra,

178 4049 218 4062 v
296 4002 390 4097 ¹*uit
415 3997 608 4127 styriam
633 4008 687 4121 et
705 3993 978 4120 subiugauit
998 3990 1151 4088 calba
1168 3991 1315 4117 ualde
1346 3998 1546 4091 munita
1577 3997 1833 4123 multaque
1985 4010 1986 4015 '
2065 4062 2067 4067 -

316 4114 659 4329 ioifiegithit
680 4119 886 4207 uxorem
908 4104 1050 4206 ducis
1082 4107 1275 4210 abstulit
1293 4110 1447 4240 ¹quod
1481 4116 1529 4210 ei
1571 4116 1839 4211 maximum
1969 4128 2026 4179 Ν

354 4266 381 4331 e
420 4262 538 4329 ecus
633 4244 671 4325 t
856 4263 858 4266 ·
974 4315 976 4322 .
1071 4318 1073 4321 ,
1182 4273 1186 4279 ·
1450 4268 1453 4278 ·
1858 4277 1863 4289 ,
1967 4270 1972 4279 ⁸

389 4403 392 4409 ·
432 4350 563 4446 Mcc
574 4345 769 4482 mriij.
812 4342 835 4437 1
922 4358 1090 4469 arator
1115 4343 1317 4443 intrauit
1348 4344 1567 4442 austriam
1599 4348 1836 4474 venitque

318 4497 430 4566 cnm
459 4464 626 4560 multis
670 4460 881 4589 prmcipi
918 4490 974 4555 us
1006 4462 1270 4559 wiennam.
1307 4463 1473 4591 ibique
1510 4494 1620 4559 cum
1655 4487 1835 4593 magno

314 4588 508 4687 honore
525 4580 790 4705 iusceptus
823 4576 899 4674 cst.
938 4575 1158 4705 filiusque
1196 4582 1302 4677 eius
1324 4612 1421 4677 rex
1456 4579 1712 4676 Cunradus
1746 4612 1837 4709 per

316 4701 585 4800 danubium
605 4697 744 4793 uenit
764 4722 876 4789 cum
897 4696 1133 4793 comitatu
1141 4700 1420 4917 principum
1442 4699 1608 4827 ibique
1621 4729 1711 4825 per
1732 4714 1837 4797 tres
1883 4751 1885 4755 ·
2044 4808 2047 4815 ,

408 4936 811 5063 (afilacodexg
972 5062 975 5065 .
1047 4942 1067 5018 '.
1171 4946 1174 4956 '
